day;timestamp;product;bid_price_1;bid_volume_1;bid_price_2;bid_volume_2;bid_price_3;bid_volume_3;ask_price_1;ask_volume_1;ask_price_2;ask_volume_2;ask_price_3;ask_volume_3;mid_price;profit_and_loss
-1;0;RAINFOREST_RESIN;10002;1;9996;2;9995;29;10004;2;10005;29;;;10003.0;0.0
-1;0;KELP;2028;1;2026;2;2025;29;2029;31;;;;;2028.5;0.0
-1;100;KELP;2025;24;;;;;2028;2;2029;22;;;2026.5;17.361328125
-1;100;RAINFOREST_RESIN;9996;2;9995;22;;;10004;2;10005;22;;;10000.0;5.0
-1;200;RAINFOREST_RESIN;9995;20;;;;;10005;20;;;;;10000.0;5.0
-1;200;KELP;2025;22;;;;;2028;20;;;;;2026.5;18.537109375
-1;300;KELP;2025;31;;;;;2028;2;2029;29;;;2026.5;17.2109375
-1;300;RAINFOREST_RESIN;9996;2;9995;29;;;10004;2;10005;29;;;10000.0;5.0
-1;400;RAINFOREST_RESIN;9996;2;9995;25;;;10004;2;10005;25;;;10000.0;5.0
-1;400;KELP;2025;27;;;;;2028;27;;;;;2026.5;19.609375
-1;500;KELP;2025;30;;;;;2028;30;;;;;2026.5;23.1875
-1;500;RAINFOREST_RESIN;9995;30;;;;;10002;4;10005;30;;;9998.5;5.0
-1;600;RAINFOREST_RESIN;10000;5;9995;25;;;10005;25;;;;;10002.5;5.0
-1;600;KELP;2026;5;2025;31;;;2028;25;;;;;2027.0;26.734375
-1;700;KELP;2025;2;2024;23;;;2028;23;;;;;2026.5;32.11328125
-1;700;RAINFOREST_RESIN;9995;23;;;;;10005;23;;;;;10000.0;5.0
-1;800;RAINFOREST_RESIN;9996;1;9995;29;;;10004;1;10005;29;;;10000.0;5.0
-1;800;KELP;2024;1;2023;29;;;2027;30;;;;;2025.5;41.849609375
-1;900;KELP;2024;23;;;;;2027;23;;;;;2025.5;34.443359375
-1;900;RAINFOREST_RESIN;9996;1;9995;22;;;10004;1;10005;22;;;10000.0;5.0
-1;1000;RAINFOREST_RESIN;9995;26;;;;;10005;26;;;;;10000.0;5.0
-1;1000;KELP;2024;26;;;;;2026;6;2027;26;;;2025.0;33.904296875
-1;1100;KELP;2025;6;2024;26;;;2027;2;2028;24;;;2026.0;32.236328125
-1;1100;RAINFOREST_RESIN;9996;2;9995;24;;;10004;2;10005;24;;;10000.0;5.0
-1;1200;RAINFOREST_RESIN;9995;21;;;;;9998;1;10005;21;;;9996.5;35.0
-1;1200;KELP;2024;21;;;;;2026;8;2028;21;;;2025.0;30.548828125
-1;1300;KELP;2024;31;;;;;2028;31;;;;;2026.0;30.306640625
-1;1300;RAINFOREST_RESIN;10002;1;9996;1;9995;30;10004;1;10005;30;;;10003.0;37.0
-1;1400;RAINFOREST_RESIN;9996;1;9995;25;;;10004;1;10005;25;;;10000.0;39.0
-1;1400;KELP;2025;3;2024;25;;;2028;26;;;;;2026.5;27.71875
-1;1500;KELP;2024;27;;;;;2028;27;;;;;2026.0;26.9375
-1;1500;RAINFOREST_RESIN;9995;27;;;;;10005;27;;;;;10000.0;39.0
-1;1600;RAINFOREST_RESIN;9995;29;;;;;10005;29;;;;;10000.0;39.0
-1;1600;KELP;2024;29;;;;;2026;4;2028;29;;;2025.0;28.294921875
-1;1700;KELP;2024;22;;;;;2026;8;2028;22;;;2025.0;29.5703125
-1;1700;RAINFOREST_RESIN;9996;2;9995;20;;;10002;1;10004;2;10005;20;9999.0;39.0
-1;1800;RAINFOREST_RESIN;10002;1;9996;1;9995;22;10004;1;10005;22;;;10003.0;39.0
-1;1800;KELP;2024;23;;;;;2028;23;;;;;2026.0;31.3671875
-1;1900;KELP;2024;29;;;;;2026;5;2027;29;;;2025.0;36.216796875
-1;1900;RAINFOREST_RESIN;9996;1;9995;28;;;10004;1;10005;28;;;10000.0;41.0
-1;2000;KELP;2024;26;;;;;2027;26;;;;;2025.5;35.837890625
-1;2000;RAINFOREST_RESIN;9996;2;9995;24;;;9998;1;10004;2;10005;24;9997.0;41.0
-1;2100;RAINFOREST_RESIN;9996;2;9995;25;;;10002;3;10004;2;10005;25;9999.0;43.0
-1;2100;KELP;2024;27;;;;;2027;2;2028;25;;;2025.5;33.005859375
-1;2200;RAINFOREST_RESIN;9998;8;9996;1;9995;24;10004;1;10005;24;;;10001.0;43.0
-1;2200;KELP;2024;25;;;;;2026;7;2027;1;2028;24;2025.0;32.1953125
-1;2300;KELP;2024;32;;;;;2028;32;;;;;2026.0;29.98828125
-1;2300;RAINFOREST_RESIN;9998;7;9996;2;9995;30;10004;2;10005;30;;;10001.0;43.0
-1;2400;KELP;2024;29;;;;;2025;1;2028;29;;;2024.5;28.86328125
-1;2400;RAINFOREST_RESIN;9995;29;;;;;10005;29;;;;;10000.0;43.0
-1;2500;RAINFOREST_RESIN;9996;1;9995;22;;;10004;1;10005;22;;;10000.0;43.0
-1;2500;KELP;2025;2;2024;23;;;2027;1;2028;22;;;2026.0;32.87109375
-1;2600;RAINFOREST_RESIN;9995;23;;;;;10005;23;;;;;10000.0;43.0
-1;2600;KELP;2025;3;2024;23;;;2028;23;;;;;2026.5;32.83203125
-1;2700;KELP;2024;26;;;;;2027;26;;;;;2025.5;34.783203125
-1;2700;RAINFOREST_RESIN;9998;6;9995;26;;;10005;26;;;;;10001.5;43.0
-1;2800;KELP;2023;25;;;;;2027;25;;;;;2025.0;44.33984375
-1;2800;RAINFOREST_RESIN;9995;25;;;;;10005;25;;;;;10000.0;43.0
-1;2900;RAINFOREST_RESIN;9996;1;9995;25;;;10004;1;10005;25;;;10000.0;43.0
-1;2900;KELP;2023;26;;;;;2027;26;;;;;2025.0;46.1640625
-1;3000;RAINFOREST_RESIN;9998;1;9995;26;;;10005;26;;;;;10001.5;79.0
-1;3000;KELP;2024;29;;;;;2027;26;;;;;2025.5;41.228515625
-1;3100;KELP;2023;26;;;;;2025;5;2026;26;;;2024.0;57.775390625
-1;3100;RAINFOREST_RESIN;9996;2;9995;24;;;10004;2;10005;24;;;10000.0;83.0
-1;3200;KELP;2023;23;;;;;2025;3;2026;23;;;2024.0;55.953125
-1;3200;RAINFOREST_RESIN;9996;1;9995;22;;;10004;1;10005;22;;;10000.0;89.0
-1;3300;RAINFOREST_RESIN;9996;2;9995;30;;;10004;2;10005;30;;;10000.0;95.0
-1;3300;KELP;2023;32;;;;;2025;2;2026;32;;;2024.0;55.2734375
-1;3400;RAINFOREST_RESIN;9996;2;9995;24;;;10004;2;10005;24;;;10000.0;95.0
-1;3400;KELP;2023;26;;;;;2026;26;;;;;2024.5;55.6015625
-1;3500;KELP;2023;26;;;;;2026;26;;;;;2024.5;55.40234375
-1;3500;RAINFOREST_RESIN;9995;26;;;;;10005;26;;;;;10000.0;95.0
-1;3600;KELP;2023;21;;;;;2026;21;;;;;2024.5;55.443359375
-1;3600;RAINFOREST_RESIN;9995;21;;;;;9998;4;10005;21;;;9996.5;95.0
-1;3700;RAINFOREST_RESIN;10002;1;9996;1;9995;23;10004;1;10005;23;;;10003.0;103.0
-1;3700;KELP;2023;27;;;;;2026;24;;;;;2024.5;59.06640625
-1;3800;RAINFOREST_RESIN;9996;2;9995;23;;;10002;10;10004;2;10005;23;9999.0;105.0
-1;3800;KELP;2023;25;;;;;2026;25;;;;;2024.5;59.189453125
-1;3900;KELP;2023;28;;;;;2026;26;;;;;2024.5;64.21240234375
-1;3900;RAINFOREST_RESIN;9998;1;9996;1;9995;25;10004;1;10005;25;;;10001.0;108.0
-1;4000;KELP;2023;32;;;;;2026;32;;;;;2024.5;64.7998046875
-1;4000;RAINFOREST_RESIN;9996;2;9995;30;;;10004;2;10005;30;;;10000.0;108.0
-1;4100;RAINFOREST_RESIN;9996;2;9995;27;;;10004;2;10005;27;;;10000.0;108.0
-1;4100;KELP;2023;29;;;;;2027;29;;;;;2025.0;65.91455078125
-1;4200;RAINFOREST_RESIN;9996;2;9995;24;;;10002;4;10004;2;10005;24;9999.0;108.0
-1;4200;KELP;2023;26;;;;;2027;26;;;;;2025.0;65.869140625
-1;4300;KELP;2023;29;;;;;2024;5;2026;22;;;2023.5;64.724609375
-1;4300;RAINFOREST_RESIN;9995;22;;;;;9998;1;10000;6;10005;22;9996.5;126.0
-1;4400;KELP;2023;30;;;;;2026;30;;;;;2024.5;69.271484375
-1;4400;RAINFOREST_RESIN;9995;30;;;;;10005;30;;;;;10000.0;136.0
-1;4500;RAINFOREST_RESIN;9996;1;9995;28;;;10002;10;10004;1;10005;28;9999.0;136.0
-1;4500;KELP;2023;28;;;;;2026;29;;;;;2024.5;68.345703125
-1;4600;RAINFOREST_RESIN;9996;1;9995;29;;;10002;10;10004;1;10005;29;9999.0;136.0
-1;4600;KELP;2023;30;;;;;2026;30;;;;;2024.5;68.5703125
-1;4700;KELP;2023;25;;;;;2025;3;2026;32;;;2024.0;70.49609375
-1;4700;RAINFOREST_RESIN;9996;2;9995;30;;;10004;2;10005;30;;;10000.0;136.0
-1;4800;KELP;2023;24;;;;;2027;24;;;;;2025.0;72.650390625
-1;4800;RAINFOREST_RESIN;9998;6;9996;2;9995;22;10004;2;10005;22;;;10001.0;136.0
-1;4900;RAINFOREST_RESIN;9995;22;;;;;10002;7;10005;22;;;9998.5;142.0
-1;4900;KELP;2023;22;;;;;2027;22;;;;;2025.0;75.21484375
-1;5000;RAINFOREST_RESIN;9998;3;9996;2;9995;28;10004;2;10005;28;;;10001.0;142.0
-1;5000;KELP;2023;30;;;;;2026;30;;;;;2024.5;71.828125
-1;5100;KELP;2023;37;;;;;2026;31;;;;;2024.5;72.0009765625
-1;5100;RAINFOREST_RESIN;9996;1;9995;30;;;10004;1;10005;30;;;10000.0;142.0
-1;5200;KELP;2023;35;;;;;2026;27;;;;;2024.5;71.7451171875
-1;5200;RAINFOREST_RESIN;9998;9;9996;1;9995;26;10004;1;10005;26;;;10001.0;142.0
-1;5300;RAINFOREST_RESIN;9996;1;9995;20;;;10004;1;10005;20;;;10000.0;142.0
-1;5300;KELP;2025;1;2023;21;;;2026;21;;;;;2025.5;72.0791015625
-1;5400;RAINFOREST_RESIN;9995;21;;;;;10005;21;;;;;10000.0;142.0
-1;5400;KELP;2023;21;;;;;2025;6;2027;21;;;2024.0;74.8681640625
-1;5500;KELP;2023;27;;;;;2027;27;;;;;2025.0;75.6591796875
-1;5500;RAINFOREST_RESIN;9995;27;;;;;10005;27;;;;;10000.0;142.0
-1;5600;KELP;2025;2;2023;28;;;2027;28;;;;;2026.0;75.9970703125
-1;5600;RAINFOREST_RESIN;9995;28;;;;;10005;28;;;;;10000.0;142.0
-1;5700;RAINFOREST_RESIN;9998;2;9995;27;;;10005;27;;;;;10001.5;142.0
-1;5700;KELP;2024;26;;;;;2027;27;;;;;2025.5;76.6240234375
-1;5800;RAINFOREST_RESIN;9996;1;9995;30;;;10004;1;10005;30;;;10000.0;142.0
-1;5800;KELP;2024;31;;;;;2027;31;;;;;2025.5;78.96484375
-1;5900;KELP;2024;35;;;;;2027;30;;;;;2025.5;78.412109375
-1;5900;RAINFOREST_RESIN;9996;2;9995;28;;;10004;2;10005;28;;;10000.0;142.0
-1;6000;KELP;2024;30;;;;;2027;30;;;;;2025.5;78.072265625
-1;6000;RAINFOREST_RESIN;9995;30;;;;;10005;30;;;;;10000.0;142.0
-1;6100;RAINFOREST_RESIN;9996;1;9995;24;;;10004;1;10005;24;;;10000.0;142.0
-1;6100;KELP;2024;24;;;;;2027;25;;;;;2025.5;78.076171875
-1;6200;RAINFOREST_RESIN;9996;1;9995;21;;;10004;1;10005;21;;;10000.0;142.0
-1;6200;KELP;2024;22;;;;;2027;22;;;;;2025.5;78.4462890625
-1;6300;KELP;2024;30;;;;;2027;25;;;;;2025.5;80.01171875
-1;6300;RAINFOREST_RESIN;9996;2;9995;23;;;10004;2;10005;23;;;10000.0;142.0
-1;6400;KELP;2024;25;;;;;2027;25;;;;;2025.5;79.8583984375
-1;6400;RAINFOREST_RESIN;9996;1;9995;24;;;10004;1;10005;24;;;10000.0;142.0
-1;6500;RAINFOREST_RESIN;9996;1;9995;26;;;9998;1;10004;1;10005;26;9997.0;142.0
-1;6500;KELP;2024;27;;;;;2027;27;;;;;2025.5;78.3662109375
-1;6600;RAINFOREST_RESIN;9996;2;9995;24;;;10004;2;10005;24;;;10000.0;144.0
-1;6600;KELP;2024;26;;;;;2028;26;;;;;2026.0;81.873046875
-1;6700;KELP;2025;7;2024;20;;;2028;20;;;;;2026.5;82.92578125
-1;6700;RAINFOREST_RESIN;9995;20;;;;;10002;3;10005;20;;;9998.5;168.0
-1;6800;KELP;2024;32;;;;;2026;8;2027;2;2028;30;2025.0;80.5224609375
-1;6800;RAINFOREST_RESIN;9996;2;9995;30;;;10004;2;10005;30;;;10000.0;168.0
-1;6900;RAINFOREST_RESIN;9996;1;9995;26;;;10002;5;10004;1;10005;26;9999.0;168.0
-1;6900;KELP;2024;27;;;;;2026;1;2027;27;;;2025.0;79.3095703125
-1;7000;RAINFOREST_RESIN;9998;2;9995;27;;;10005;27;;;;;10001.5;168.0
-1;7000;KELP;2026;4;2024;27;;;2027;27;;;;;2026.5;79.6796875
-1;7100;KELP;2024;30;;;;;2027;30;;;;;2025.5;81.4654541015625
-1;7100;RAINFOREST_RESIN;9996;1;9995;29;;;10004;1;10005;29;;;10000.0;176.0
-1;7200;KELP;2024;28;;;;;2027;28;;;;;2025.5;81.35595703125
-1;7200;RAINFOREST_RESIN;9998;5;9996;1;9995;27;10004;1;10005;27;;;10001.0;176.0
-1;7300;RAINFOREST_RESIN;10002;1;9996;2;9995;29;10004;2;10005;29;;;10003.0;176.0
-1;7300;KELP;2024;35;;;;;2027;31;;;;;2025.5;81.3477783203125
-1;7400;RAINFOREST_RESIN;9996;1;9995;22;;;10004;1;10005;22;;;10000.0;184.0
-1;7400;KELP;2024;22;;;;;2027;23;;;;;2025.5;82.6031494140625
-1;7500;KELP;2024;25;;;;;2027;25;;;;;2025.5;82.521240234375
-1;7500;RAINFOREST_RESIN;9995;25;;;;;10002;10;10005;25;;;9998.5;184.0
-1;7600;KELP;2024;22;;;;;2027;22;;;;;2025.5;82.54052734375
-1;7600;RAINFOREST_RESIN;9996;2;9995;20;;;10004;2;10005;20;;;10000.0;184.0
-1;7700;RAINFOREST_RESIN;9995;22;;;;;10005;22;;;;;10000.0;184.0
-1;7700;KELP;2024;21;;;;;2027;22;;;;;2025.5;82.560791015625
-1;7800;RAINFOREST_RESIN;9998;3;9996;1;9995;22;10004;1;10005;22;;;10001.0;184.0
-1;7800;KELP;2024;23;;;;;2027;23;;;;;2025.5;82.578857421875
-1;7900;KELP;2024;31;;;;;2027;27;;;;;2025.5;82.58984375
-1;7900;RAINFOREST_RESIN;9996;1;9995;26;;;10004;1;10005;26;;;10000.0;184.0
-1;8000;KELP;2024;27;;;;;2026;8;2027;27;;;2025.0;82.695556640625
-1;8000;RAINFOREST_RESIN;9995;27;;;;;10005;27;;;;;10000.0;184.0
-1;8100;RAINFOREST_RESIN;9996;1;9995;22;;;10004;1;10005;22;;;10000.0;184.0
-1;8100;KELP;2023;23;;;;;2027;23;;;;;2025.0;83.081298828125
-1;8200;RAINFOREST_RESIN;9995;23;;;;;10005;23;;;;;10000.0;220.0
-1;8200;KELP;2023;23;;;;;2025;1;2026;23;;;2024.0;84.46337890625
-1;8300;KELP;2023;30;;;;;2026;30;;;;;2024.5;85.16015625
-1;8300;RAINFOREST_RESIN;9996;1;9995;29;;;10004;1;10005;29;;;10000.0;220.0
-1;8400;RAINFOREST_RESIN;9995;28;;;;;10005;28;;;;;10000.0;220.0
-1;8400;KELP;2023;28;;;;;2026;28;;;;;2024.5;85.12451171875
-1;8500;KELP;2023;31;;;;;2026;31;;;;;2024.5;85.2822265625
-1;8500;RAINFOREST_RESIN;9998;10;9996;2;9995;29;10004;2;10005;29;;;10001.0;220.0
-1;8600;RAINFOREST_RESIN;9996;1;9995;22;;;10004;1;10005;22;;;10000.0;220.0
-1;8600;KELP;2023;22;;;;;2026;23;;;;;2024.5;84.9560546875
-1;8700;KELP;2023;27;;;;;2025;4;2026;27;;;2024.0;84.612548828125
-1;8700;RAINFOREST_RESIN;9998;10;9995;27;;;10005;27;;;;;10001.5;220.0
-1;8800;RAINFOREST_RESIN;9995;25;;;;;9998;1;10005;25;;;9996.5;220.0
-1;8800;KELP;2024;7;2023;25;;;2027;25;;;;;2025.5;84.01806640625
-1;8900;KELP;2024;1;2023;26;;;2027;26;;;;;2025.5;84.1220703125
-1;8900;RAINFOREST_RESIN;9998;9;9995;26;;;10005;26;;;;;10001.5;222.0
-1;9000;RAINFOREST_RESIN;9996;2;9995;29;;;10004;2;10005;29;;;10000.0;222.0
-1;9000;KELP;2023;31;;;;;2027;31;;;;;2025.0;84.165283203125
-1;9100;KELP;2023;29;;;;;2026;2;2027;27;;;2024.5;84.3310546875
-1;9100;RAINFOREST_RESIN;9998;3;9996;2;9995;27;10004;2;10005;27;;;10001.0;222.0
-1;9200;RAINFOREST_RESIN;9998;10;9995;27;;;10005;27;;;;;10001.5;222.0
-1;9200;KELP;2023;27;;;;;2025;7;2026;27;;;2024.0;84.436767578125
-1;9300;KELP;2023;21;;;;;2026;21;;;;;2024.5;84.800048828125
-1;9300;RAINFOREST_RESIN;9996;1;9995;20;;;10004;1;10005;20;;;10000.0;222.0
-1;9400;RAINFOREST_RESIN;9998;2;9996;2;9995;21;10004;2;10005;21;;;10001.0;222.0
-1;9400;KELP;2023;23;;;;;2026;23;;;;;2024.5;84.969970703125
-1;9500;KELP;2023;35;;;;;2026;31;;;;;2024.5;84.8310546875
-1;9500;RAINFOREST_RESIN;9996;1;9995;30;;;10004;1;10005;30;;;10000.0;222.0
-1;9600;RAINFOREST_RESIN;9996;1;9995;30;;;10004;1;10005;30;;;10000.0;222.0
-1;9600;KELP;2023;31;;;;;2026;31;;;;;2024.5;85.13671875
-1;9700;KELP;2023;22;;;;;2026;22;;;;;2024.5;85.138916015625
-1;9700;RAINFOREST_RESIN;9995;22;;;;;10002;1;10005;22;;;9998.5;222.0
-1;9800;RAINFOREST_RESIN;9995;26;;;;;10005;26;;;;;10000.0;222.0
-1;9800;KELP;2023;26;;;;;2026;26;;;;;2024.5;85.042236328125
-1;9900;KELP;2025;4;2023;25;;;2026;25;;;;;2025.5;84.656494140625
-1;9900;RAINFOREST_RESIN;9995;25;;;;;10005;25;;;;;10000.0;222.0
-1;10000;RAINFOREST_RESIN;9995;28;;;;;10005;28;;;;;10000.0;222.0
-1;10000;KELP;2023;36;;;;;2026;28;;;;;2024.5;86.10546875
-1;10100;KELP;2023;25;;;;;2026;25;;;;;2024.5;86.6298828125
-1;10100;RAINFOREST_RESIN;9996;1;9995;24;;;10002;3;10004;1;10005;24;9999.0;222.0
-1;10200;RAINFOREST_RESIN;9996;2;9995;26;;;10004;2;10005;26;;;10000.0;222.0
-1;10200;KELP;2022;28;;;;;2026;28;;;;;2024.0;90.126953125
-1;10300;KELP;2024;1;2022;35;;;2025;27;;;;;2024.5;93.609375
-1;10300;RAINFOREST_RESIN;9998;4;9995;27;;;10005;27;;;;;10001.5;222.0
-1;10400;RAINFOREST_RESIN;10002;1;9996;1;9995;28;10004;1;10005;28;;;10003.0;222.0
-1;10400;KELP;2023;1;2022;29;;;2026;29;;;;;2024.5;89.673828125
-1;10500;KELP;2023;2;2022;29;;;2026;31;;;;;2024.5;89.01953125
-1;10500;RAINFOREST_RESIN;9998;4;9996;2;9995;29;10004;2;10005;29;;;10001.0;224.0
-1;10600;RAINFOREST_RESIN;9996;2;9995;29;;;10000;4;10004;2;10005;29;9998.0;224.0
-1;10600;KELP;2022;31;;;;;2023;4;2024;4;2025;31;2022.5;92.95703125
-1;10700;KELP;2022;29;;;;;2025;28;;;;;2023.5;95.615234375
-1;10700;RAINFOREST_RESIN;9998;8;9995;28;;;10005;28;;;;;10001.5;224.0
-1;10800;RAINFOREST_RESIN;9998;5;9996;2;9995;22;10004;2;10005;22;;;10001.0;224.0
-1;10800;KELP;2022;27;;;;;2025;24;;;;;2023.5;95.3515625
-1;10900;KELP;2022;35;;;;;2025;28;;;;;2023.5;95.4296875
-1;10900;RAINFOREST_RESIN;9996;1;9995;27;;;10004;1;10005;27;;;10000.0;260.0
-1;11000;KELP;2024;7;2022;24;;;2025;24;;;;;2024.5;95.4375
-1;11000;RAINFOREST_RESIN;9995;24;;;;;10002;7;10005;24;;;9998.5;260.0
-1;11100;RAINFOREST_RESIN;9998;3;9995;21;;;10005;21;;;;;10001.5;260.0
-1;11100;KELP;2022;21;;;;;2025;21;;;;;2023.5;98.20703125
-1;11200;RAINFOREST_RESIN;9996;2;9995;21;;;10002;7;10004;2;10005;21;9999.0;268.0
-1;11200;KELP;2022;23;;;;;2025;23;;;;;2023.5;99.009765625
-1;11300;KELP;2022;25;;;;;2025;22;;;;;2023.5;98.255859375
-1;11300;RAINFOREST_RESIN;9996;1;9995;21;;;10004;1;10005;21;;;10000.0;268.0
-1;11400;KELP;2022;26;;;;;2025;26;;;;;2023.5;97.171875
-1;11400;RAINFOREST_RESIN;9996;1;9995;25;;;10004;1;10005;25;;;10000.0;268.0
-1;11500;RAINFOREST_RESIN;9996;1;9995;25;;;10002;7;10004;1;10005;25;9999.0;274.0
-1;11500;KELP;2022;26;;;;;2024;8;2025;26;;;2023.0;97.587890625
-1;11600;RAINFOREST_RESIN;9996;2;9995;27;;;10002;2;10004;2;10005;27;9999.0;274.0
-1;11600;KELP;2022;29;;;;;2026;29;;;;;2024.0;92.890625
-1;11700;KELP;2022;23;;;;;2023;2;2026;23;;;2022.5;94.75
-1;11700;RAINFOREST_RESIN;9996;2;9995;21;;;10004;2;10005;21;;;10000.0;274.0
-1;11800;KELP;2022;29;;;;;2024;4;2026;29;;;2023.0;94.5419921875
-1;11800;RAINFOREST_RESIN;9998;10;9995;29;;;10000;5;10005;29;;;9999.0;274.0
-1;11900;RAINFOREST_RESIN;9996;2;9995;30;;;10004;2;10005;30;;;10000.0;274.0
-1;11900;KELP;2023;2;2022;30;;;2024;3;2026;32;;;2023.5;94.8662109375
-1;12000;RAINFOREST_RESIN;10002;1;9995;20;;;10005;20;;;;;10003.5;274.0
-1;12000;KELP;2023;20;;;;;2026;20;;;;;2024.5;92.232421875
-1;12100;KELP;2023;27;;;;;2025;1;2026;27;;;2024.0;92.333984375
-1;12100;RAINFOREST_RESIN;9996;2;9995;25;;;10004;2;10005;25;;;10000.0;276.0
-1;12200;KELP;2023;34;;;;;2026;30;;;;;2024.5;92.439453125
-1;12200;RAINFOREST_RESIN;9996;2;9995;28;;;10004;2;10005;28;;;10000.0;276.0
-1;12300;RAINFOREST_RESIN;9998;6;9996;1;9995;28;10004;1;10005;28;;;10001.0;276.0
-1;12300;KELP;2023;29;;;;;2026;29;;;;;2024.5;91.9453125
-1;12400;RAINFOREST_RESIN;9995;26;;;;;10005;26;;;;;10000.0;276.0
-1;12400;KELP;2023;30;;;;;2026;26;;;;;2024.5;91.5517578125
-1;12500;KELP;2023;19;;;;;2026;20;;;;;2024.5;101.0859375
-1;12500;RAINFOREST_RESIN;9995;20;;;;;10005;20;;;;;10000.0;276.0
-1;12600;KELP;2023;22;;;;;2026;22;;;;;2024.5;103.9453125
-1;12600;RAINFOREST_RESIN;9995;22;;;;;10005;22;;;;;10000.0;276.0
-1;12700;RAINFOREST_RESIN;9996;2;9995;20;;;10004;2;10005;20;;;10000.0;276.0
-1;12700;KELP;2023;22;;;;;2026;22;;;;;2024.5;101.80859375
-1;12800;RAINFOREST_RESIN;9996;2;9995;20;;;10004;2;10005;20;;;10000.0;276.0
-1;12800;KELP;2023;22;;;;;2026;22;;;;;2024.5;100.1953125
-1;12900;KELP;2023;36;;;;;2026;29;;;;;2024.5;98.11328125
-1;12900;RAINFOREST_RESIN;9996;1;9995;28;;;10002;3;10004;1;10005;28;9999.0;276.0
-1;13000;KELP;2025;1;2023;6;2022;20;2026;20;;;;;2025.5;107.6796875
-1;13000;RAINFOREST_RESIN;10002;1;9995;20;;;10005;20;;;;;10003.5;276.0
-1;13100;RAINFOREST_RESIN;9996;1;9995;25;;;10004;1;10005;25;;;10000.0;278.0
-1;13100;KELP;2023;33;;;;;2026;26;;;;;2024.5;105.12890625
-1;13200;RAINFOREST_RESIN;9998;2;9995;22;;;10005;22;;;;;10001.5;278.0
-1;13200;KELP;2022;22;;;;;2025;5;2026;22;;;2023.5;106.8828125
-1;13300;KELP;2023;6;2022;24;;;2026;24;;;;;2024.5;107.625
-1;13300;RAINFOREST_RESIN;9995;24;;;;;10005;24;;;;;10000.0;278.0
-1;13400;KELP;2023;32;;;;;2026;32;;;;;2024.5;108.27734375
-1;13400;RAINFOREST_RESIN;9996;2;9995;30;;;10004;2;10005;30;;;10000.0;286.0
-1;13500;RAINFOREST_RESIN;9995;30;;;;;10005;30;;;;;10000.0;286.0
-1;13500;KELP;2022;30;;;;;2025;8;2026;30;;;2023.5;108.59375
-1;13600;RAINFOREST_RESIN;9995;25;;;;;10002;10;10005;25;;;9998.5;286.0
-1;13600;KELP;2023;24;;;;;2025;3;2026;25;;;2024.0;104.6015625
-1;13700;KELP;2023;25;;;;;2026;21;;;;;2024.5;104.515625
-1;13700;RAINFOREST_RESIN;9996;1;9995;20;;;9998;4;10004;1;10005;20;9997.0;286.0
-1;13800;KELP;2023;23;;;;;2026;22;;;;;2024.5;102.93359375
-1;13800;RAINFOREST_RESIN;9996;2;9995;20;;;10004;2;10005;20;;;10000.0;294.0
-1;13900;RAINFOREST_RESIN;9996;2;9995;20;;;10000;6;10004;2;10005;20;9998.0;294.0
-1;13900;KELP;2023;22;;;;;2024;6;2025;4;2026;22;2023.5;106.40625
-1;14000;RAINFOREST_RESIN;9998;5;9996;2;9995;27;10004;2;10005;27;;;10001.0;294.0
-1;14000;KELP;2023;3;2022;29;;;2026;29;;;;;2024.5;111.84375
-1;14100;KELP;2023;25;;;;;2025;1;2026;25;;;2024.0;105.25390625
-1;14100;RAINFOREST_RESIN;9996;2;9995;23;;;10004;2;10005;23;;;10000.0;294.0
-1;14200;KELP;2023;20;;;;;2026;21;;;;;2024.5;104.87109375
-1;14200;RAINFOREST_RESIN;9995;21;;;;;10005;21;;;;;10000.0;294.0
-1;14300;RAINFOREST_RESIN;9996;2;9995;27;;;10004;2;10005;27;;;10000.0;294.0
-1;14300;KELP;2022;29;;;;;2026;29;;;;;2024.0;113.953125
-1;14400;RAINFOREST_RESIN;9996;1;9995;29;;;10004;1;10005;29;;;10000.0;294.0
-1;14400;KELP;2023;30;;;;;2026;30;;;;;2024.5;109.39453125
-1;14500;KELP;2023;24;;;;;2026;24;;;;;2024.5;108.5859375
-1;14500;RAINFOREST_RESIN;9995;24;;;;;10002;1;10005;24;;;9998.5;294.0
-1;14600;KELP;2022;28;;;;;2024;2;2026;28;;;2023.0;112.5
-1;14600;RAINFOREST_RESIN;9996;2;9995;26;;;10000;2;10004;2;10005;26;9998.0;294.0
-1;14700;RAINFOREST_RESIN;9995;30;;;;;10002;7;10005;30;;;9998.5;294.0
-1;14700;KELP;2022;30;;;;;2025;30;;;;;2023.5;120.18359375
-1;14800;RAINFOREST_RESIN;9995;28;;;;;10002;6;10005;28;;;9998.5;294.0
-1;14800;KELP;2022;28;;;;;2025;28;;;;;2023.5;120.41015625
-1;14900;KELP;2023;4;2022;26;;;2025;26;;;;;2024.0;120.984375
-1;14900;RAINFOREST_RESIN;10000;4;9995;26;;;10005;26;;;;;10002.5;294.0
-1;15000;KELP;2024;8;2022;25;;;2025;25;;;;;2024.5;122.6171875
-1;15000;RAINFOREST_RESIN;9998;1;9995;25;;;10005;25;;;;;10001.5;294.0
-1;15100;RAINFOREST_RESIN;9995;22;;;;;10005;22;;;;;10000.0;294.0
-1;15100;KELP;2022;27;;;;;2025;22;;;;;2023.5;131.23046875
-1;15200;RAINFOREST_RESIN;9998;6;9995;27;;;10005;27;;;;;10001.5;294.0
-1;15200;KELP;2022;26;;;;;2025;27;;;;;2023.5;131.5234375
-1;15300;KELP;2022;26;;;;;2024;4;2025;26;;;2023.0;132.5078125
-1;15300;RAINFOREST_RESIN;9995;26;;;;;10002;1;10005;26;;;9998.5;294.0
-1;15400;KELP;2022;35;;;;;2025;30;;;;;2023.5;134.18359375
-1;15400;RAINFOREST_RESIN;9996;2;9995;28;;;9998;1;10004;2;10005;28;9997.0;298.0
-1;15500;RAINFOREST_RESIN;10002;1;9996;2;9995;29;10004;2;10005;29;;;10003.0;300.0
-1;15500;KELP;2022;31;;;;;2024;8;2025;31;;;2023.0;130.75
-1;15600;RAINFOREST_RESIN;9996;2;9995;24;;;10004;2;10005;24;;;10000.0;302.0
-1;15600;KELP;2022;31;;;;;2025;26;;;;;2023.5;127.90625
-1;15700;KELP;2022;25;;;;;2025;25;;;;;2023.5;124.12890625
-1;15700;RAINFOREST_RESIN;10002;5;9996;1;9995;24;10004;1;10005;24;;;10003.0;308.0
-1;15800;KELP;2025;1;2022;22;;;2026;22;;;;;2025.5;113.7265625
-1;15800;RAINFOREST_RESIN;9998;10;9996;2;9995;20;10004;2;10005;20;;;10001.0;318.0
-1;15900;RAINFOREST_RESIN;9996;2;9995;29;;;10000;6;10004;2;10005;29;9998.0;318.0
-1;15900;KELP;2023;31;;;;;2024;6;2025;2;2026;31;2023.5;105.1484375
-1;16000;RAINFOREST_RESIN;9996;2;9995;27;;;10002;6;10004;2;10005;27;9999.0;318.0
-1;16000;KELP;2023;29;;;;;2025;2;2026;29;;;2024.0;108.29296875
-1;16100;KELP;2022;21;;;;;2023;2;2026;21;;;2022.5;119.296875
-1;16100;RAINFOREST_RESIN;9995;21;;;;;10000;2;10002;10;10005;21;9997.5;318.0
-1;16200;KELP;2022;24;;;;;2023;1;2026;24;;;2022.5;118.29296875
-1;16200;RAINFOREST_RESIN;9995;24;;;;;9998;1;10005;24;;;9996.5;318.0
-1;16300;RAINFOREST_RESIN;9996;1;9995;22;;;10004;1;10005;22;;;10000.0;320.0
-1;16300;KELP;2023;2;2022;23;;;2026;23;;;;;2024.5;119.9296875
-1;16400;RAINFOREST_RESIN;9996;2;9995;30;;;10002;3;10004;2;10005;30;9999.0;344.0
-1;16400;KELP;2023;2;2022;30;;;2026;32;;;;;2024.5;115.46484375
-1;16500;KELP;2023;2;2022;21;;;2026;23;;;;;2024.5;114.9609375
-1;16500;RAINFOREST_RESIN;9996;2;9995;21;;;10002;7;10004;2;10005;21;9999.0;344.0
-1;16600;KELP;2022;30;;;;;2023;1;2026;30;;;2022.5;117.19140625
-1;16600;RAINFOREST_RESIN;9998;4;9996;2;9995;28;10004;2;10005;28;;;10001.0;344.0
-1;16700;RAINFOREST_RESIN;10002;1;9995;26;;;10005;26;;;;;10003.5;344.0
-1;16700;KELP;2025;1;2022;26;;;2026;26;;;;;2025.5;116.46875
-1;16800;RAINFOREST_RESIN;9995;26;;;;;10005;26;;;;;10000.0;346.0
-1;16800;KELP;2022;26;;;;;2026;26;;;;;2024.0;119.77734375
-1;16900;KELP;2023;1;2022;25;;;2026;26;;;;;2024.5;117.14453125
-1;16900;RAINFOREST_RESIN;9996;1;9995;25;;;10004;1;10005;25;;;10000.0;366.0
-1;17000;KELP;2023;29;;;;;2026;29;;;;;2024.5;114.46875
-1;17000;RAINFOREST_RESIN;9998;9;9995;29;;;10005;29;;;;;10001.5;366.0
-1;17100;KELP;2023;23;;;;;2026;23;;;;;2024.5;112.109375
-1;17100;RAINFOREST_RESIN;9996;2;9995;21;;;10004;2;10005;21;;;10000.0;366.0
-1;17200;RAINFOREST_RESIN;9998;3;9996;2;9995;22;10004;2;10005;22;;;10001.0;366.0
-1;17200;KELP;2023;24;;;;;2026;24;;;;;2024.5;109.26953125
-1;17300;KELP;2023;25;;;;;2025;6;2026;25;;;2024.0;107.44921875
-1;17300;RAINFOREST_RESIN;9996;2;9995;23;;;10002;9;10004;2;10005;23;9999.0;366.0
-1;17400;RAINFOREST_RESIN;10000;6;9998;7;9995;28;10005;28;;;;;10002.5;366.0
-1;17400;KELP;2024;6;2023;28;;;2026;28;;;;;2025.0;102.765625
-1;17500;KELP;2023;26;;;;;2027;26;;;;;2025.0;101.984375
-1;17500;RAINFOREST_RESIN;9995;26;;;;;10005;26;;;;;10000.0;366.0
-1;17600;RAINFOREST_RESIN;9998;6;9995;30;;;10005;30;;;;;10001.5;366.0
-1;17600;KELP;2023;30;;;;;2026;30;;;;;2024.5;104.265625
-1;17700;KELP;2025;1;2023;29;;;2026;29;;;;;2025.5;105.87890625
-1;17700;RAINFOREST_RESIN;9996;2;9995;27;;;10004;2;10005;27;;;10000.0;366.0
-1;17800;RAINFOREST_RESIN;9996;2;9995;24;;;10002;5;10004;2;10005;24;9999.0;366.0
-1;17800;KELP;2023;26;;;;;2026;2;2027;24;;;2024.5;102.890625
-1;17900;KELP;2023;23;;;;;2027;23;;;;;2025.0;101.9453125
-1;17900;RAINFOREST_RESIN;9995;23;;;;;10005;23;;;;;10000.0;366.0
-1;18000;RAINFOREST_RESIN;9996;2;9995;25;;;10004;2;10005;25;;;10000.0;366.0
-1;18000;KELP;2023;27;;;;;2026;27;;;;;2024.5;103.8203125
-1;18100;KELP;2023;20;;;;;2027;20;;;;;2025.0;97.41796875
-1;18100;RAINFOREST_RESIN;9995;20;;;;;10005;20;;;;;10000.0;366.0
-1;18200;RAINFOREST_RESIN;9996;1;9995;25;;;10004;1;10005;25;;;10000.0;366.0
-1;18200;KELP;2024;21;;;;;2027;26;;;;;2025.5;90.515625
-1;18300;KELP;2023;25;;;;;2027;25;;;;;2025.0;95.4453125
-1;18300;RAINFOREST_RESIN;9996;2;9995;23;;;10004;2;10005;23;;;10000.0;366.0
-1;18400;RAINFOREST_RESIN;9996;2;9995;23;;;10004;2;10005;23;;;10000.0;366.0
-1;18400;KELP;2024;25;;;;;2026;5;2027;25;;;2025.0;86.42578125
-1;18500;KELP;2024;29;;;;;2025;1;2027;29;;;2024.5;84.9765625
-1;18500;RAINFOREST_RESIN;9995;29;;;;;10000;2;10005;29;;;9997.5;366.0
-1;18600;RAINFOREST_RESIN;10002;1;9995;20;;;10005;20;;;;;10003.5;366.0
-1;18600;KELP;2024;20;;;;;2026;5;2027;20;;;2025.0;83.1953125
-1;18700;KELP;2024;22;;;;;2027;22;;;;;2025.5;82.55078125
-1;18700;RAINFOREST_RESIN;9995;22;;;;;10005;22;;;;;10000.0;368.0
-1;18800;RAINFOREST_RESIN;9996;2;9995;26;;;10004;2;10005;26;;;10000.0;368.0
-1;18800;KELP;2024;28;;;;;2027;28;;;;;2025.5;87.6484375
-1;18900;KELP;2024;22;;;;;2027;22;;;;;2025.5;85.40234375
-1;18900;RAINFOREST_RESIN;9998;2;9995;22;;;10005;22;;;;;10001.5;368.0
-1;19000;RAINFOREST_RESIN;9996;2;9995;26;;;10004;2;10005;26;;;10000.0;368.0
-1;19000;KELP;2024;18;;;;;2027;28;;;;;2025.5;84.94921875
-1;19100;KELP;2024;28;;;;;2027;28;;;;;2025.5;84.35546875
-1;19100;RAINFOREST_RESIN;9996;2;9995;26;;;10004;2;10005;26;;;10000.0;368.0
-1;19200;RAINFOREST_RESIN;9996;1;9995;20;;;9998;1;10004;1;10005;20;9997.0;368.0
-1;19200;KELP;2024;21;;;;;2027;21;;;;;2025.5;82.95703125
-1;19300;KELP;2024;23;;;;;2027;23;;;;;2025.5;82.63671875
-1;19300;RAINFOREST_RESIN;9996;2;9995;21;;;10004;2;10005;21;;;10000.0;370.0
-1;19400;RAINFOREST_RESIN;9995;26;;;;;10005;26;;;;;10000.0;373.0
-1;19400;KELP;2023;26;;;;;2027;26;;;;;2025.0;94.1484375
-1;19500;KELP;2024;23;;;;;2027;23;;;;;2025.5;87.6484375
-1;19500;RAINFOREST_RESIN;9995;23;;;;;10005;23;;;;;10000.0;373.0
-1;19600;RAINFOREST_RESIN;9996;2;9995;27;;;10004;2;10005;27;;;10000.0;373.0
-1;19600;KELP;2024;2;2023;27;;;2027;29;;;;;2025.5;94.02734375
-1;19700;KELP;2024;31;;;;;2026;7;2027;32;;;2025.0;91.98828125
-1;19700;RAINFOREST_RESIN;10002;1;9996;2;9995;30;10004;2;10005;30;;;10003.0;373.0
-1;19800;RAINFOREST_RESIN;9996;2;9995;29;;;10004;2;10005;29;;;10000.0;375.0
-1;19800;KELP;2024;31;;;;;2027;31;;;;;2025.5;89.3203125
-1;19900;KELP;2024;32;;;;;2027;32;;;;;2025.5;86.45703125
-1;19900;RAINFOREST_RESIN;9996;2;9995;30;;;10004;2;10005;30;;;10000.0;375.0
-1;20000;KELP;2024;2;2023;27;;;2027;27;;;;;2025.5;98.76953125
-1;20000;RAINFOREST_RESIN;9995;27;;;;;10002;4;10005;27;;;9998.5;375.0
-1;20100;RAINFOREST_RESIN;10002;1;9996;1;9995;30;10004;1;10005;30;;;10003.0;375.0
-1;20100;KELP;2023;31;;;;;2025;4;2027;31;;;2024.0;97.58203125
-1;20200;RAINFOREST_RESIN;9995;29;;;;;9998;1;10005;29;;;9996.5;377.0
-1;20200;KELP;2023;29;;;;;2027;29;;;;;2025.0;100.4140625
-1;20300;KELP;2024;26;;;;;2027;27;;;;;2025.5;84.78515625
-1;20300;RAINFOREST_RESIN;9995;27;;;;;10005;27;;;;;10000.0;379.0
-1;20400;KELP;2024;30;;;;;2025;4;2027;29;;;2024.5;90.98046875
-1;20400;RAINFOREST_RESIN;9996;1;9995;28;;;10000;4;10004;1;10005;28;9998.0;379.0
-1;20500;RAINFOREST_RESIN;10000;3;9996;2;9995;30;10004;2;10005;30;;;10002.0;379.0
-1;20500;KELP;2025;4;2024;7;2023;30;2027;32;;;;;2026.0;95.4453125
-1;20600;RAINFOREST_RESIN;9996;2;9995;26;;;10004;2;10005;26;;;10000.0;379.0
-1;20600;KELP;2023;28;;;;;2027;28;;;;;2025.0;95.96484375
-1;20700;KELP;2025;6;2023;22;;;2027;22;;;;;2026.0;95.30078125
-1;20700;RAINFOREST_RESIN;10002;1;10000;6;9998;4;10005;22;;;;;10003.5;379.0
-1;20800;KELP;2024;2;2023;22;;;2027;24;;;;;2025.5;95.08203125
-1;20800;RAINFOREST_RESIN;9996;2;9995;22;;;10004;2;10005;22;;;10000.0;381.0
-1;20900;RAINFOREST_RESIN;9995;23;;;;;10005;23;;;;;10000.0;381.0
-1;20900;KELP;2026;1;2023;23;;;2027;23;;;;;2026.5;94.2734375
-1;21000;RAINFOREST_RESIN;9996;2;9995;26;;;10004;2;10005;26;;;10000.0;381.0
-1;21000;KELP;2024;28;;;;;2027;28;;;;;2025.5;94.15625
-1;21100;KELP;2024;2;2023;22;;;2027;24;;;;;2025.5;95.8515625
-1;21100;RAINFOREST_RESIN;9996;2;9995;22;;;10004;2;10005;22;;;10000.0;381.0
-1;21200;KELP;2024;22;;;;;2027;22;;;;;2025.5;93.12890625
-1;21200;RAINFOREST_RESIN;9995;22;;;;;9998;1;10005;22;;;9996.5;381.0
-1;21300;RAINFOREST_RESIN;9996;1;9995;29;;;10002;7;10004;1;10005;29;9999.0;383.0
-1;21300;KELP;2024;1;2023;29;;;2027;30;;;;;2025.5;95.33203125
-1;21400;RAINFOREST_RESIN;9995;28;;;;;10005;28;;;;;10000.0;407.0
-1;21400;KELP;2024;28;;;;;2027;28;;;;;2025.5;93.35546875
-1;21500;KELP;2026;4;2024;21;;;2027;21;;;;;2026.5;85.7734375
-1;21500;RAINFOREST_RESIN;9996;1;9995;20;;;10004;1;10005;20;;;10000.0;407.0
-1;21600;KELP;2024;27;;;;;2027;2;2028;25;;;2025.5;84.12109375
-1;21600;RAINFOREST_RESIN;10002;12;9996;2;9995;25;10004;2;10005;25;;;10003.0;407.0
-1;21700;RAINFOREST_RESIN;9998;8;9996;2;9995;29;10004;2;10005;29;;;10001.0;431.0
-1;21700;KELP;2024;31;;;;;2027;31;;;;;2025.5;86.18359375
-1;21800;RAINFOREST_RESIN;9996;2;9995;22;;;10004;2;10005;22;;;10000.0;431.0
-1;21800;KELP;2024;24;;;;;2028;24;;;;;2026.0;82.90234375
-1;21900;KELP;2024;22;;;;;2028;22;;;;;2026.0;81.60546875
-1;21900;RAINFOREST_RESIN;10002;3;9996;1;9995;21;10004;1;10005;21;;;10003.0;431.0
-1;22000;KELP;2024;21;;;;;2028;21;;;;;2026.0;85.703125
-1;22000;RAINFOREST_RESIN;9995;21;;;;;10005;21;;;;;10000.0;437.0
-1;22100;RAINFOREST_RESIN;9996;2;9995;22;;;10002;7;10004;2;10005;22;9999.0;437.0
-1;22100;KELP;2024;23;;;;;2027;24;;;;;2025.5;95.57421875
-1;22200;RAINFOREST_RESIN;9998;6;9996;1;9995;20;10004;1;10005;20;;;10001.0;437.0
-1;22200;KELP;2024;21;;;;;2027;21;;;;;2025.5;101.6640625
-1;22300;KELP;2023;29;;;;;2026;1;2027;28;;;2024.5;117.34765625
-1;22300;RAINFOREST_RESIN;9996;1;9995;28;;;10004;1;10005;28;;;10000.0;447.0
-1;22400;KELP;2023;29;;;;;2026;29;;;;;2024.5;118.6875
-1;22400;RAINFOREST_RESIN;9996;2;9995;27;;;9998;1;10004;2;10005;27;9997.0;447.0
-1;22500;RAINFOREST_RESIN;9996;2;9995;29;;;10004;2;10005;29;;;10000.0;467.0
-1;22500;KELP;2023;31;;;;;2026;31;;;;;2024.5;125.66796875
-1;22600;RAINFOREST_RESIN;10000;6;9998;6;9996;2;10004;2;10005;20;;;10002.0;467.0
-1;22600;KELP;2024;6;2023;26;;;2026;22;;;;;2025.0;133.9296875
-1;22700;KELP;2023;25;;;;;2026;26;;;;;2024.5;135.3984375
-1;22700;RAINFOREST_RESIN;9996;2;9995;24;;;10004;2;10005;24;;;10000.0;467.0
-1;22800;KELP;2023;27;;;;;2026;28;;;;;2024.5;143.6015625
-1;22800;RAINFOREST_RESIN;9996;1;9995;27;;;9998;2;10004;1;10005;27;9997.0;467.0
-1;22900;RAINFOREST_RESIN;9996;2;9995;30;;;10002;8;10004;2;10005;30;9999.0;471.0
-1;22900;KELP;2023;2;2022;30;;;2026;32;;;;;2024.5;145.7578125
-1;23000;RAINFOREST_RESIN;9996;1;9995;21;;;10004;1;10005;21;;;10000.0;471.0
-1;23000;KELP;2022;22;;;;;2026;22;;;;;2024.0;151.453125
-1;23100;KELP;2023;23;;;;;2026;23;;;;;2024.5;140.28125
-1;23100;RAINFOREST_RESIN;9998;8;9995;23;;;10005;23;;;;;10001.5;471.0
-1;23200;KELP;2023;2;2022;29;;;2024;3;2026;31;;;2023.5;145.0859375
-1;23200;RAINFOREST_RESIN;9998;5;9996;2;9995;29;10004;2;10005;29;;;10001.0;471.0
-1;23300;RAINFOREST_RESIN;9996;1;9995;29;;;10004;1;10005;29;;;10000.0;471.0
-1;23300;KELP;2023;30;;;;;2026;30;;;;;2024.5;137.859375
-1;23400;RAINFOREST_RESIN;9996;1;9995;29;;;10004;1;10005;29;;;10000.0;471.0
-1;23400;KELP;2023;30;;;;;2026;30;;;;;2024.5;137.3984375
-1;23500;KELP;2023;29;;;;;2025;4;2026;30;;;2024.0;137.7734375
-1;23500;RAINFOREST_RESIN;9998;8;9996;2;9995;28;10004;2;10005;28;;;10001.0;471.0
-1;23600;KELP;2022;27;;;;;2026;27;;;;;2024.0;145.0
-1;23600;RAINFOREST_RESIN;9995;27;;;;;10005;27;;;;;10000.0;471.0
-1;23700;RAINFOREST_RESIN;10002;1;9996;2;9995;21;10004;2;10005;21;;;10003.0;471.0
-1;23700;KELP;2023;2;2022;21;;;2025;7;2026;23;;;2024.0;144.5078125
-1;23800;RAINFOREST_RESIN;9995;30;;;;;10005;30;;;;;10000.0;489.0
-1;23800;KELP;2024;1;2022;30;;;2026;30;;;;;2025.0;158.125
-1;23900;KELP;2025;1;2023;1;2022;30;2026;30;;;;;2025.5;148.546875
-1;23900;RAINFOREST_RESIN;9995;30;;;;;10005;30;;;;;10000.0;489.0
-1;24000;KELP;2022;29;;;;;2026;29;;;;;2024.0;149.6953125
-1;24000;RAINFOREST_RESIN;9998;9;9995;29;;;10005;29;;;;;10001.5;489.0
-1;24100;RAINFOREST_RESIN;9996;1;9995;25;;;10004;1;10005;25;;;10000.0;489.0
-1;24100;KELP;2023;1;2022;25;;;2025;3;2026;26;;;2024.0;145.0
-1;24200;RAINFOREST_RESIN;9996;2;9995;28;;;10002;6;10004;2;10005;28;9999.0;513.0
-1;24200;KELP;2023;30;;;;;2026;30;;;;;2024.5;138.5546875
-1;24300;KELP;2023;26;;;;;2026;26;;;;;2024.5;137.5390625
-1;24300;RAINFOREST_RESIN;9996;2;9995;24;;;10002;1;10004;2;10005;24;9999.0;513.0
-1;24400;KELP;2025;1;2023;22;;;2026;22;;;;;2025.5;142.8984375
-1;24400;RAINFOREST_RESIN;10002;1;9998;4;9996;1;10004;1;10005;21;;;10003.0;513.0
-1;24500;RAINFOREST_RESIN;10002;1;9996;1;9995;25;10004;1;10005;25;;;10003.0;515.0
-1;24500;KELP;2022;26;;;;;2026;26;;;;;2024.0;154.078125
-1;24600;RAINFOREST_RESIN;9995;24;;;;;9998;2;10005;24;;;9996.5;521.0
-1;24600;KELP;2022;24;;;;;2024;2;2026;24;;;2023.0;149.359375
-1;24700;KELP;2023;25;;;;;2026;25;;;;;2024.5;143.703125
-1;24700;RAINFOREST_RESIN;9995;25;;;;;10005;25;;;;;10000.0;525.0
-1;24800;KELP;2022;23;;;;;2026;23;;;;;2024.0;154.84375
-1;24800;RAINFOREST_RESIN;9995;23;;;;;10005;23;;;;;10000.0;525.0
-1;24900;RAINFOREST_RESIN;10002;1;9996;1;9995;22;10004;1;10005;22;;;10003.0;525.0
-1;24900;KELP;2024;4;2022;23;;;2026;23;;;;;2025.0;152.3671875
-1;25000;RAINFOREST_RESIN;9995;23;;;;;10005;23;;;;;10000.0;527.0
-1;25000;KELP;2023;23;;;;;2026;23;;;;;2024.5;144.703125
-1;25100;KELP;2022;25;;;;;2024;4;2026;25;;;2023.0;150.7109375
-1;25100;RAINFOREST_RESIN;10002;1;9995;25;;;10005;25;;;;;10003.5;527.0
-1;25200;KELP;2023;1;2022;24;;;2025;3;2026;25;;;2024.0;149.0
-1;25200;RAINFOREST_RESIN;9996;1;9995;24;;;9998;5;10004;1;10005;24;9997.0;529.0
-1;25300;RAINFOREST_RESIN;9996;2;9995;22;;;10004;2;10005;22;;;10000.0;539.0
-1;25300;KELP;2023;4;2022;22;;;2026;24;;;;;2024.5;149.0546875
-1;25400;RAINFOREST_RESIN;9996;1;9995;29;;;10004;1;10005;29;;;10000.0;539.0
-1;25400;KELP;2025;8;2023;30;;;2026;30;;;;;2025.5;146.375
-1;25500;KELP;2022;21;;;;;2025;21;;;;;2023.5;180.6328125
-1;25500;RAINFOREST_RESIN;9996;1;9995;20;;;9998;6;10002;9;10004;1;9997.0;539.0
-1;25600;KELP;2023;31;;;;;2026;23;;;;;2024.5;151.484375
-1;25600;RAINFOREST_RESIN;9996;1;9995;22;;;10002;7;10004;1;10005;22;9999.0;551.0
-1;25700;RAINFOREST_RESIN;9996;2;9995;30;;;10004;2;10005;30;;;10000.0;551.0
-1;25700;KELP;2023;32;;;;;2025;6;2026;32;;;2024.0;144.546875
-1;25800;RAINFOREST_RESIN;10002;4;9995;24;;;10005;24;;;;;10003.5;563.0
-1;25800;KELP;2023;23;;;;;2026;24;;;;;2024.5;136.078125
-1;25900;KELP;2023;25;;;;;2026;25;;;;;2024.5;147.3828125
-1;25900;RAINFOREST_RESIN;9996;2;9995;23;;;10004;2;10005;23;;;10000.0;571.0
-1;26000;RAINFOREST_RESIN;9996;2;9995;27;;;10004;2;10005;27;;;10000.0;571.0
-1;26000;KELP;2023;22;;;;;2026;29;;;;;2024.5;154.0078125
-1;26100;KELP;2023;20;;;;;2026;20;;;;;2024.5;146.359375
-1;26100;RAINFOREST_RESIN;9998;7;9995;20;;;10005;20;;;;;10001.5;571.0
-1;26200;RAINFOREST_RESIN;9996;1;9995;22;;;10004;1;10005;22;;;10000.0;571.0
-1;26200;KELP;2023;23;;;;;2026;23;;;;;2024.5;144.2890625
-1;26300;KELP;2023;30;;;;;2026;30;;;;;2024.5;146.328125
-1;26300;RAINFOREST_RESIN;9996;1;9995;29;;;9998;1;10004;1;10005;29;9997.0;571.0
-1;26400;RAINFOREST_RESIN;9995;22;;;;;10005;22;;;;;10000.0;573.0
-1;26400;KELP;2023;27;;;;;2026;22;;;;;2024.5;150.25
-1;26500;KELP;2023;24;;;;;2026;24;;;;;2024.5;151.1640625
-1;26500;RAINFOREST_RESIN;9996;1;9995;23;;;10004;1;10005;23;;;10000.0;573.0
-1;26600;RAINFOREST_RESIN;9996;2;9995;28;;;9998;1;10004;2;10005;28;9997.0;573.0
-1;26600;KELP;2023;36;;;;;2026;30;;;;;2024.5;147.0078125
-1;26700;KELP;2023;24;;;;;2025;6;2026;24;;;2024.0;147.546875
-1;26700;RAINFOREST_RESIN;9998;2;9996;1;9995;23;10004;1;10005;23;;;10001.0;575.0
-1;26800;RAINFOREST_RESIN;9996;2;9995;28;;;10004;2;10005;28;;;10000.0;575.0
-1;26800;KELP;2025;1;2023;30;;;2026;30;;;;;2025.5;149.09375
-1;26900;KELP;2023;29;;;;;2026;30;;;;;2024.5;150.0390625
-1;26900;RAINFOREST_RESIN;10002;1;9995;30;;;10005;30;;;;;10003.5;575.0
-1;27000;RAINFOREST_RESIN;9995;28;;;;;10002;1;10005;28;;;9998.5;577.0
-1;27000;KELP;2023;30;;;;;2026;28;;;;;2024.5;149.484375
-1;27100;KELP;2023;27;;;;;2026;24;;;;;2024.5;145.015625
-1;27100;RAINFOREST_RESIN;9995;24;;;;;10005;24;;;;;10000.0;577.0
-1;27200;RAINFOREST_RESIN;9998;2;9995;21;;;10005;21;;;;;10001.5;577.0
-1;27200;KELP;2023;21;;;;;2025;2;2026;21;;;2024.0;147.0703125
-1;27300;KELP;2025;1;2023;31;;;2026;31;;;;;2025.5;145.578125
-1;27300;RAINFOREST_RESIN;9996;2;9995;29;;;10004;2;10005;29;;;10000.0;577.0
-1;27400;RAINFOREST_RESIN;9995;21;;;;;10005;21;;;;;10000.0;577.0
-1;27400;KELP;2023;21;;;;;2026;21;;;;;2024.5;133.234375
-1;27500;KELP;2023;23;;;;;2025;6;2026;23;;;2024.0;131.140625
-1;27500;RAINFOREST_RESIN;9996;1;9995;22;;;10004;1;10005;22;;;10000.0;577.0
-1;27600;RAINFOREST_RESIN;9998;5;9995;24;;;10005;24;;;;;10001.5;577.0
-1;27600;KELP;2023;30;;;;;2026;24;;;;;2024.5;137.0
-1;27700;KELP;2023;19;;;;;2026;24;;;;;2024.5;134.8359375
-1;27700;RAINFOREST_RESIN;9995;24;;;;;10005;24;;;;;10000.0;577.0
-1;27800;RAINFOREST_RESIN;9998;9;9996;2;9995;26;10004;2;10005;26;;;10001.0;577.0
-1;27800;KELP;2023;28;;;;;2025;3;2026;28;;;2024.0;128.90625
-1;27900;KELP;2025;1;2023;29;;;2026;29;;;;;2025.5;132.3671875
-1;27900;RAINFOREST_RESIN;9996;2;9995;27;;;10002;4;10004;2;10005;27;9999.0;577.0
-1;28000;RAINFOREST_RESIN;9998;2;9995;28;;;10005;28;;;;;10001.5;577.0
-1;28000;KELP;2023;28;;;;;2026;28;;;;;2024.5;127.8515625
-1;28100;KELP;2023;26;;;;;2026;26;;;;;2024.5;132.046875
-1;28100;RAINFOREST_RESIN;9996;2;9995;24;;;10004;2;10005;24;;;10000.0;577.0
-1;28200;RAINFOREST_RESIN;9996;1;9995;25;;;9998;2;10004;1;10005;25;9997.0;577.0
-1;28200;KELP;2023;26;;;;;2025;5;2026;1;2027;25;2024.0;121.359375
-1;28300;KELP;2023;24;;;;;2024;2;2027;24;;;2023.5;118.328125
-1;28300;RAINFOREST_RESIN;9996;1;9995;23;;;10004;1;10005;23;;;10000.0;581.0
-1;28400;RAINFOREST_RESIN;9996;2;9995;23;;;10004;2;10005;23;;;10000.0;581.0
-1;28400;KELP;2023;24;;;;;2027;25;;;;;2025.0;122.1953125
-1;28500;KELP;2023;23;;;;;2027;23;;;;;2025.0;116.8828125
-1;28500;RAINFOREST_RESIN;9998;10;9995;23;;;10005;23;;;;;10001.5;581.0
-1;28600;RAINFOREST_RESIN;10002;1;9996;2;9995;21;10004;2;10005;21;;;10003.0;581.0
-1;28600;KELP;2023;23;;;;;2025;8;2027;23;;;2024.0;116.453125
-1;28700;RAINFOREST_RESIN;9995;30;;;;;10005;30;;;;;10000.0;583.0
-1;28700;KELP;2023;30;;;;;2027;30;;;;;2025.0;113.40625
-1;28800;RAINFOREST_RESIN;9995;27;;;;;10005;27;;;;;10000.0;583.0
-1;28800;KELP;2024;27;;;;;2027;27;;;;;2025.5;104.78125
-1;28900;KELP;2024;26;;;;;2027;22;;;;;2025.5;88.109375
-1;28900;RAINFOREST_RESIN;9998;7;9996;1;9995;21;10004;1;10005;21;;;10001.0;583.0
-1;29000;KELP;2024;23;;;;;2027;24;;;;;2025.5;99.515625
-1;29000;RAINFOREST_RESIN;9995;24;;;;;10005;24;;;;;10000.0;583.0
-1;29100;RAINFOREST_RESIN;9996;2;9995;26;;;10004;2;10005;26;;;10000.0;615.0
-1;29100;KELP;2024;31;;;;;2027;28;;;;;2025.5;94.421875
-1;29200;RAINFOREST_RESIN;9996;1;9995;30;;;10004;1;10005;30;;;10000.0;615.0
-1;29200;KELP;2026;1;2024;31;;;2027;31;;;;;2026.5;97.90625
-1;29300;KELP;2024;32;;;;;2026;2;2027;32;;;2025.0;97.1328125
-1;29300;RAINFOREST_RESIN;9996;2;9995;30;;;10002;3;10004;2;10005;30;9999.0;615.0
-1;29400;KELP;2024;25;;;;;2027;26;;;;;2025.5;96.5546875
-1;29400;RAINFOREST_RESIN;10002;1;9996;1;9995;25;10004;1;10005;25;;;10003.0;615.0
-1;29500;RAINFOREST_RESIN;9996;2;9995;27;;;10004;2;10005;27;;;10000.0;617.0
-1;29500;KELP;2024;31;;;;;2027;29;;;;;2025.5;95.6484375
-1;29600;RAINFOREST_RESIN;9996;2;9995;28;;;10004;2;10005;28;;;10000.0;617.0
-1;29600;KELP;2024;2;2023;28;;;2025;3;2027;30;;;2024.5;111.421875
-1;29700;KELP;2024;28;;;;;2027;26;;;;;2025.5;83.015625
-1;29700;RAINFOREST_RESIN;9996;1;9995;25;;;10002;4;10004;1;10005;25;9999.0;617.0
-1;29800;KELP;2024;31;;;;;2026;1;2027;1;2028;30;2025.0;78.7578125
-1;29800;RAINFOREST_RESIN;9998;6;9996;1;9995;30;10004;1;10005;30;;;10001.0;617.0
-1;29900;RAINFOREST_RESIN;9995;21;;;;;10005;21;;;;;10000.0;617.0
-1;29900;KELP;2025;8;2024;21;;;2028;21;;;;;2026.5;75.7109375
-1;30000;RAINFOREST_RESIN;9998;3;9996;1;9995;30;10004;1;10005;30;;;10001.0;617.0
-1;30000;KELP;2024;31;;;;;2028;31;;;;;2026.0;70.890625
-1;30100;KELP;2024;30;;;;;2027;30;;;;;2025.5;84.1171875
-1;30100;RAINFOREST_RESIN;9996;2;9995;28;;;10004;2;10005;28;;;10000.0;619.0
-1;30200;KELP;2024;22;;;;;2027;22;;;;;2025.5;80.28125
-1;30200;RAINFOREST_RESIN;9996;2;9995;20;;;10004;2;10005;20;;;10000.0;619.0
-1;30300;RAINFOREST_RESIN;9996;2;9995;29;;;10002;9;10004;2;10005;29;9999.0;619.0
-1;30300;KELP;2026;1;2024;31;;;2027;31;;;;;2026.5;86.90625
-1;30400;RAINFOREST_RESIN;10000;5;9996;2;9995;29;10002;8;10004;2;10005;29;10001.0;619.0
-1;30400;KELP;2025;5;2024;31;;;2027;31;;;;;2026.0;94.4296875
-1;30500;KELP;2024;22;;;;;2027;22;;;;;2025.5;107.109375
-1;30500;RAINFOREST_RESIN;9998;5;9996;2;9995;20;10004;2;10005;20;;;10001.0;619.0
-1;30600;KELP;2024;1;2023;20;;;2027;22;;;;;2025.5;110.2265625
-1;30600;RAINFOREST_RESIN;9996;2;9995;20;;;10002;4;10004;2;10005;20;9999.0;619.0
-1;30700;RAINFOREST_RESIN;9995;30;;;;;10005;30;;;;;10000.0;619.0
-1;30700;KELP;2024;30;;;;;2027;30;;;;;2025.5;107.09375
-1;30800;RAINFOREST_RESIN;9996;1;9995;30;;;10004;1;10005;30;;;10000.0;619.0
-1;30800;KELP;2024;4;2023;30;;;2027;31;;;;;2025.5;109.1171875
-1;30900;KELP;2023;30;;;;;2025;7;2026;30;;;2024.0;137.90625
-1;30900;RAINFOREST_RESIN;9996;2;9995;28;;;10002;6;10004;2;10005;28;9999.0;619.0
-1;31000;KELP;2024;4;2023;30;;;2026;23;;;;;2025.0;134.25
-1;31000;RAINFOREST_RESIN;10000;4;9996;1;9995;22;10004;1;10005;22;;;10002.0;619.0
-1;31100;RAINFOREST_RESIN;9996;2;9995;27;;;10004;2;10005;27;;;10000.0;619.0
-1;31100;KELP;2023;29;;;;;2026;2;2027;27;;;2024.5;129.1328125
-1;31200;RAINFOREST_RESIN;9996;2;9995;29;;;10002;6;10004;2;10005;29;9999.0;619.0
-1;31200;KELP;2023;31;;;;;2026;31;;;;;2024.5;130.75
-1;31300;KELP;2023;24;;;;;2026;24;;;;;2024.5;132.1484375
-1;31300;RAINFOREST_RESIN;9996;1;9995;23;;;10004;1;10005;23;;;10000.0;619.0
-1;31400;KELP;2023;26;;;;;2026;26;;;;;2024.5;149.2421875
-1;31400;RAINFOREST_RESIN;9995;26;;;;;9998;1;10005;26;;;9996.5;619.0
-1;31500;RAINFOREST_RESIN;9995;30;;;;;10005;30;;;;;10000.0;621.0
-1;31500;KELP;2023;35;;;;;2026;30;;;;;2024.5;146.9921875
-1;31600;RAINFOREST_RESIN;9995;27;;;;;10005;27;;;;;10000.0;621.0
-1;31600;KELP;2025;1;2023;27;;;2026;27;;;;;2025.5;143.53125
-1;31700;KELP;2023;24;;;;;2025;3;2026;24;;;2024.0;143.015625
-1;31700;RAINFOREST_RESIN;9996;2;9995;22;;;10004;2;10005;22;;;10000.0;621.0
-1;31800;KELP;2024;6;2023;26;;;2026;1;2027;25;;;2025.0;136.8125
-1;31800;RAINFOREST_RESIN;10000;6;9996;1;9995;25;10004;1;10005;25;;;10002.0;621.0
-1;31900;RAINFOREST_RESIN;9998;3;9995;28;;;10005;28;;;;;10001.5;621.0
-1;31900;KELP;2024;4;2023;28;;;2027;28;;;;;2025.5;136.3046875
-1;32000;RAINFOREST_RESIN;9996;1;9995;24;;;10004;1;10005;24;;;10000.0;629.0
-1;32000;KELP;2024;2;2023;25;;;2026;1;2027;24;;;2025.0;138.5234375
-1;32100;KELP;2023;29;;;;;2026;29;;;;;2024.5;150.796875
-1;32100;RAINFOREST_RESIN;9996;1;9995;28;;;10004;1;10005;28;;;10000.0;629.0
-1;32200;KELP;2023;28;;;;;2027;28;;;;;2025.0;134.0390625
-1;32200;RAINFOREST_RESIN;9996;1;9995;27;;;10004;1;10005;27;;;10000.0;629.0
-1;32300;RAINFOREST_RESIN;9995;25;;;;;10005;25;;;;;10000.0;629.0
-1;32300;KELP;2023;25;;;;;2026;25;;;;;2024.5;144.921875
-1;32400;RAINFOREST_RESIN;9996;1;9995;30;;;10004;1;10005;30;;;10000.0;629.0
-1;32400;KELP;2023;30;;;;;2026;1;2027;30;;;2024.5;139.1640625
-1;32500;KELP;2023;21;;;;;2025;5;2027;22;;;2024.0;134.21875
-1;32500;RAINFOREST_RESIN;9998;1;9996;1;9995;21;10004;1;10005;21;;;10001.0;629.0
-1;32600;KELP;2023;30;;;;;2027;30;;;;;2025.0;131.8515625
-1;32600;RAINFOREST_RESIN;10002;1;9995;30;;;10005;30;;;;;10003.5;629.0
-1;32700;RAINFOREST_RESIN;9996;2;9995;22;;;10004;2;10005;22;;;10000.0;639.0
-1;32700;KELP;2023;24;;;;;2026;2;2027;22;;;2024.5;138.6953125
-1;32800;RAINFOREST_RESIN;9996;2;9995;28;;;10004;2;10005;28;;;10000.0;639.0
-1;32800;KELP;2023;30;;;;;2026;2;2027;28;;;2024.5;139.59375
-1;32900;KELP;2023;29;;;;;2026;2;2027;27;;;2024.5;142.421875
-1;32900;RAINFOREST_RESIN;9996;2;9995;27;;;10004;2;10005;27;;;10000.0;666.0
-1;33000;KELP;2025;1;2023;30;;;2026;30;;;;;2025.5;146.828125
-1;33000;RAINFOREST_RESIN;9996;2;9995;28;;;10004;2;10005;28;;;10000.0;666.0
-1;33100;RAINFOREST_RESIN;9996;1;9995;28;;;10004;1;10005;28;;;10000.0;666.0
-1;33100;KELP;2023;28;;;;;2025;3;2026;29;;;2024.0;146.6796875
-1;33200;RAINFOREST_RESIN;9996;1;9995;20;;;10002;7;10004;1;10005;20;9999.0;666.0
-1;33200;KELP;2023;20;;;;;2024;10;2026;1;2027;20;2023.5;139.265625
-1;33300;KELP;2024;1;2023;20;;;2027;21;;;;;2025.5;138.05859375
-1;33300;RAINFOREST_RESIN;9996;1;9995;20;;;10004;1;10005;20;;;10000.0;666.0
-1;33400;KELP;2023;32;;;;;2027;32;;;;;2025.0;141.93359375
-1;33400;RAINFOREST_RESIN;9996;2;9995;30;;;10002;3;10004;2;10005;30;9999.0;666.0
-1;33500;RAINFOREST_RESIN;9996;1;9995;20;;;10004;1;10005;20;;;10000.0;666.0
-1;33500;KELP;2023;21;;;;;2026;21;;;;;2024.5;155.94140625
-1;33600;RAINFOREST_RESIN;10002;6;9995;27;;;10005;27;;;;;10003.5;669.0
-1;33600;KELP;2023;27;;;;;2026;27;;;;;2024.5;158.45703125
-1;33700;KELP;2023;32;;;;;2026;28;;;;;2024.5;161.72265625
-1;33700;RAINFOREST_RESIN;9996;1;9995;27;;;10002;1;10004;1;10005;27;9999.0;681.0
-1;33800;KELP;2024;3;2023;31;;;2026;26;;;;;2025.0;166.67578125
-1;33800;RAINFOREST_RESIN;9996;1;9995;25;;;10004;1;10005;25;;;10000.0;681.0
-1;33900;RAINFOREST_RESIN;9995;24;;;;;10005;24;;;;;10000.0;681.0
-1;33900;KELP;2023;24;;;;;2026;24;;;;;2024.5;161.72265625
-1;34000;RAINFOREST_RESIN;10002;1;9995;30;;;10005;30;;;;;10003.5;681.0
-1;34000;KELP;2023;29;;;;;2025;8;2026;30;;;2024.0;160.15234375
-1;34100;KELP;2023;25;;;;;2026;23;;;;;2024.5;164.5703125
-1;34100;RAINFOREST_RESIN;9996;1;9995;22;;;10004;1;10005;22;;;10000.0;683.0
-1;34200;KELP;2022;23;;;;;2024;1;2026;23;;;2023.0;175.63671875
-1;34200;RAINFOREST_RESIN;9995;23;;;;;10005;23;;;;;10000.0;692.0
-1;34300;RAINFOREST_RESIN;10002;1;9996;1;9995;22;10004;1;10005;22;;;10003.0;692.0
-1;34300;KELP;2022;23;;;;;2026;23;;;;;2024.0;187.3203125
-1;34400;RAINFOREST_RESIN;9996;2;9995;23;;;10004;2;10005;23;;;10000.0;694.0
-1;34400;KELP;2023;3;2022;25;;;2025;2;2026;23;;;2024.0;187.828125
-1;34500;KELP;2022;30;;;;;2023;5;2024;1;2026;30;2022.5;187.6484375
-1;34500;RAINFOREST_RESIN;9995;30;;;;;10005;30;;;;;10000.0;694.0
-1;34600;KELP;2022;29;;;;;2023;1;2026;29;;;2022.5;188.5859375
-1;34600;RAINFOREST_RESIN;9995;29;;;;;10005;29;;;;;10000.0;694.0
-1;34700;RAINFOREST_RESIN;9998;6;9995;24;;;10005;24;;;;;10001.5;694.0
-1;34700;KELP;2023;24;;;;;2026;24;;;;;2024.5;187.20703125
-1;34800;RAINFOREST_RESIN;9996;2;9995;23;;;10004;2;10005;23;;;10000.0;694.0
-1;34800;KELP;2023;2;2022;23;;;2026;25;;;;;2024.5;188.88671875
-1;34900;KELP;2023;21;;;;;2026;21;;;;;2024.5;186.80859375
-1;34900;RAINFOREST_RESIN;9996;1;9995;20;;;10004;1;10005;20;;;10000.0;694.0
-1;35000;RAINFOREST_RESIN;10002;1;9995;20;;;10005;20;;;;;10003.5;694.0
-1;35000;KELP;2025;1;2023;20;;;2026;20;;;;;2025.5;177.65625
-1;35100;KELP;2023;31;;;;;2026;31;;;;;2024.5;183.18359375
-1;35100;RAINFOREST_RESIN;10002;3;9996;2;9995;29;10004;2;10005;29;;;10003.0;696.0
-1;35200;RAINFOREST_RESIN;9996;2;9995;28;;;10002;10;10004;2;10005;28;9999.0;702.0
-1;35200;KELP;2023;33;;;;;2026;30;;;;;2024.5;180.125
-1;35300;KELP;2023;20;;;;;2026;28;;;;;2024.5;186.1484375
-1;35300;RAINFOREST_RESIN;9998;6;9996;1;9995;27;10004;1;10005;27;;;10001.0;702.0
-1;35400;RAINFOREST_RESIN;10002;3;9995;25;;;10005;25;;;;;10003.5;702.0
-1;35400;KELP;2025;1;2023;27;;;2026;25;;;;;2025.5;186.89453125
-1;35500;KELP;2023;28;;;;;2026;28;;;;;2024.5;186.8515625
-1;35500;RAINFOREST_RESIN;9996;2;9995;26;;;10004;2;10005;26;;;10000.0;708.0
-1;35600;RAINFOREST_RESIN;9995;26;;;;;10005;26;;;;;10000.0;708.0
-1;35600;KELP;2023;26;;;;;2026;26;;;;;2024.5;188.22265625
-1;35700;KELP;2023;29;;;;;2026;29;;;;;2024.5;186.28125
-1;35700;RAINFOREST_RESIN;9996;2;9995;27;;;10004;2;10005;27;;;10000.0;708.0
-1;35800;RAINFOREST_RESIN;9998;7;9996;1;9995;30;10004;1;10005;30;;;10001.0;708.0
-1;35800;KELP;2023;29;;;;;2026;31;;;;;2024.5;186.6796875
-1;35900;KELP;2023;2;2022;21;;;2026;23;;;;;2024.5;190.390625
-1;35900;RAINFOREST_RESIN;9996;2;9995;21;;;10004;2;10005;21;;;10000.0;708.0
-1;36000;RAINFOREST_RESIN;9995;30;;;;;10002;5;10005;30;;;9998.5;708.0
-1;36000;KELP;2022;30;;;;;2024;3;2026;30;;;2023.0;190.30859375
-1;36100;KELP;2022;26;;;;;2025;2;2026;24;;;2023.5;195.59375
-1;36100;RAINFOREST_RESIN;10002;8;9996;2;9995;24;10004;2;10005;24;;;10003.0;708.0
-1;36200;RAINFOREST_RESIN;9996;1;9995;29;;;9998;1;10004;1;10005;29;9997.0;724.0
-1;36200;KELP;2022;30;;;;;2025;1;2026;29;;;2023.5;195.4296875
-1;36300;KELP;2022;22;;;;;2024;6;2025;22;;;2023.0;197.22265625
-1;36300;RAINFOREST_RESIN;9996;1;9995;21;;;10004;1;10005;21;;;10000.0;726.0
-1;36400;RAINFOREST_RESIN;9998;1;9996;1;9995;20;10004;1;10005;20;;;10001.0;726.0
-1;36400;KELP;2024;1;2023;3;2022;21;2025;1;2026;20;;;2024.5;196.45703125
-1;36500;KELP;2022;25;;;;;2023;2;2025;25;;;2022.5;200.09765625
-1;36500;RAINFOREST_RESIN;9995;25;;;;;10005;25;;;;;10000.0;726.0
-1;36600;RAINFOREST_RESIN;9996;1;9995;28;;;10004;1;10005;28;;;10000.0;726.0
-1;36600;KELP;2022;29;;;;;2025;29;;;;;2023.5;199.42578125
-1;36700;KELP;2021;21;;;;;2025;21;;;;;2023.0;215.3125
-1;36700;RAINFOREST_RESIN;9995;21;;;;;10005;21;;;;;10000.0;726.0
-1;36800;RAINFOREST_RESIN;9995;30;;;;;10005;30;;;;;10000.0;726.0
-1;36800;KELP;2021;30;;;;;2025;30;;;;;2023.0;213.94140625
-1;36900;KELP;2021;27;;;;;2024;27;;;;;2022.5;225.2734375
-1;36900;RAINFOREST_RESIN;9996;1;9995;26;;;10004;1;10005;26;;;10000.0;726.0
-1;37000;RAINFOREST_RESIN;9996;2;9995;23;;;10004;2;10005;23;;;10000.0;726.0
-1;37000;KELP;2020;25;;;;;2024;25;;;;;2022.0;232.12109375
-1;37100;KELP;2021;27;;;;;2024;23;;;;;2022.5;220.66015625
-1;37100;RAINFOREST_RESIN;9996;2;9995;21;;;10004;2;10005;21;;;10000.0;726.0
-1;37200;RAINFOREST_RESIN;9996;1;9995;20;;;10004;1;10005;20;;;10000.0;726.0
-1;37200;KELP;2021;25;;;;;2024;21;;;;;2022.5;221.765625
-1;37300;KELP;2022;4;2021;28;;;2024;1;2025;27;;;2023.0;216.390625
-1;37300;RAINFOREST_RESIN;9996;1;9995;27;;;9998;10;10002;4;10004;1;9997.0;726.0
-1;37400;RAINFOREST_RESIN;10002;1;9998;2;9995;30;10005;30;;;;;10003.5;746.0
-1;37400;KELP;2021;30;;;;;2024;30;;;;;2022.5;218.17578125
-1;37500;KELP;2020;27;;;;;2024;27;;;;;2022.0;230.9921875
-1;37500;RAINFOREST_RESIN;9996;2;9995;25;;;10004;2;10005;25;;;10000.0;748.0
-1;37600;KELP;2020;22;;;;;2024;22;;;;;2022.0;234.421875
-1;37600;RAINFOREST_RESIN;9995;22;;;;;10002;7;10005;22;;;9998.5;751.0
-1;37700;RAINFOREST_RESIN;9996;1;9995;23;;;10004;1;10005;23;;;10000.0;751.0
-1;37700;KELP;2020;24;;;;;2024;24;;;;;2022.0;233.72265625
-1;37800;RAINFOREST_RESIN;9995;25;;;;;10005;25;;;;;10000.0;751.0
-1;37800;KELP;2020;24;;;;;2024;25;;;;;2022.0;235.3984375
-1;37900;KELP;2019;25;;;;;2023;25;;;;;2021.0;249.078125
-1;37900;RAINFOREST_RESIN;9995;25;;;;;10005;25;;;;;10000.0;751.0
-1;38000;KELP;2019;32;;;;;2021;4;2023;32;;;2020.0;249.2265625
-1;38000;RAINFOREST_RESIN;10002;1;9996;2;9995;30;10004;2;10005;30;;;10003.0;751.0
-1;38100;RAINFOREST_RESIN;9996;2;9995;26;;;10002;2;10004;2;10005;26;9999.0;753.0
-1;38100;KELP;2019;28;;;;;2022;2;2023;26;;;2020.5;251.69140625
-1;38200;RAINFOREST_RESIN;9996;1;9995;27;;;10004;1;10005;27;;;10000.0;753.0
-1;38200;KELP;2019;28;;;;;2023;28;;;;;2021.0;247.3203125
-1;38300;KELP;2019;26;;;;;2022;26;;;;;2020.5;253.4375
-1;38300;RAINFOREST_RESIN;9998;5;9995;26;;;10005;26;;;;;10001.5;753.0
-1;38400;KELP;2019;24;;;;;2020;6;2022;24;;;2019.5;254.16796875
-1;38400;RAINFOREST_RESIN;9996;1;9995;23;;;10000;6;10004;1;10005;23;9998.0;753.0
-1;38500;RAINFOREST_RESIN;10002;1;9995;21;;;10005;21;;;;;10003.5;753.0
-1;38500;KELP;2019;21;;;;;2022;21;;;;;2020.5;259.861328125
-1;38600;RAINFOREST_RESIN;9996;2;9995;28;;;10004;2;10005;28;;;10000.0;755.0
-1;38600;KELP;2019;30;;;;;2022;30;;;;;2020.5;259.28125
-1;38700;KELP;2019;20;;;;;2022;20;;;;;2020.5;259.455078125
-1;38700;RAINFOREST_RESIN;9995;20;;;;;10005;20;;;;;10000.0;758.0
-1;38800;KELP;2019;21;;;;;2020;2;2021;1;2022;21;2019.5;259.431640625
-1;38800;RAINFOREST_RESIN;9996;1;9995;20;;;10002;1;10004;1;10005;20;9999.0;758.0
-1;38900;RAINFOREST_RESIN;9996;2;9995;30;;;10004;2;10005;30;;;10000.0;782.0
-1;38900;KELP;2019;32;;;;;2021;7;2022;2;2023;30;2020.0;259.6142578125
-1;39000;RAINFOREST_RESIN;9995;23;;;;;10002;9;10005;23;;;9998.5;782.0
-1;39000;KELP;2019;23;;;;;2023;23;;;;;2021.0;258.033203125
-1;39100;KELP;2020;25;;;;;2023;25;;;;;2021.5;254.3740234375
-1;39100;RAINFOREST_RESIN;9998;8;9996;1;9995;24;10004;1;10005;24;;;10001.0;782.0
-1;39200;KELP;2020;30;;;;;2022;2;2023;30;;;2021.0;253.533203125
-1;39200;RAINFOREST_RESIN;9996;1;9995;29;;;10004;1;10005;29;;;10000.0;782.0
-1;39300;RAINFOREST_RESIN;9995;27;;;;;10005;27;;;;;10000.0;782.0
-1;39300;KELP;2020;27;;;;;2023;27;;;;;2021.5;252.333984375
-1;39400;RAINFOREST_RESIN;9996;1;9995;30;;;10004;1;10005;30;;;10000.0;782.0
-1;39400;KELP;2020;31;;;;;2022;5;2023;31;;;2021.0;255.111328125
-1;39500;KELP;2019;27;;;;;2021;3;2022;27;;;2020.0;261.5341796875
-1;39500;RAINFOREST_RESIN;9995;27;;;;;9998;1;10002;2;10005;27;9996.5;785.0
-1;39600;KELP;2021;4;2019;23;;;2023;23;;;;;2022.0;258.8720703125
-1;39600;RAINFOREST_RESIN;9995;23;;;;;10005;23;;;;;10000.0;787.0
-1;39700;RAINFOREST_RESIN;9996;2;9995;22;;;10004;2;10005;22;;;10000.0;787.0
-1;39700;KELP;2019;28;;;;;2022;2;2023;22;;;2020.5;259.56640625
-1;39800;RAINFOREST_RESIN;9996;1;9995;27;;;10004;1;10005;27;;;10000.0;787.0
-1;39800;KELP;2019;28;;;;;2022;1;2023;27;;;2020.5;259.6171875
-1;39900;KELP;2019;31;;;;;2022;31;;;;;2020.5;261.7998046875
-1;39900;RAINFOREST_RESIN;9996;1;9995;30;;;10002;4;10004;1;10005;30;9999.0;787.0
-1;40000;KELP;2018;22;;;;;2022;22;;;;;2020.0;264.5009765625
-1;40000;RAINFOREST_RESIN;9995;22;;;;;10005;22;;;;;10000.0;787.0
-1;40100;RAINFOREST_RESIN;9996;2;9995;29;;;10002;8;10004;2;10005;29;9999.0;787.0
-1;40100;KELP;2019;31;;;;;2022;31;;;;;2020.5;261.91796875
-1;40200;RAINFOREST_RESIN;9996;1;9995;28;;;10004;1;10005;28;;;10000.0;787.0
-1;40200;KELP;2019;1;2018;28;;;2022;29;;;;;2020.5;264.6396484375
-1;40300;KELP;2019;22;;;;;2022;22;;;;;2020.5;263.5322265625
-1;40300;RAINFOREST_RESIN;9995;22;;;;;9998;1;10005;22;;;9996.5;787.0
-1;40400;KELP;2018;24;;;;;2022;24;;;;;2020.0;265.5146484375
-1;40400;RAINFOREST_RESIN;9996;1;9995;23;;;10004;1;10005;23;;;10000.0;789.0
-1;40500;RAINFOREST_RESIN;10002;1;9996;2;9995;27;10004;2;10005;27;;;10003.0;789.0
-1;40500;KELP;2019;1;2018;27;;;2022;29;;;;;2020.5;264.935546875
-1;40600;RAINFOREST_RESIN;9996;2;9995;24;;;10004;2;10005;24;;;10000.0;791.0
-1;40600;KELP;2019;4;2018;26;;;2022;26;;;;;2020.5;266.0205078125
-1;40700;KELP;2018;22;;;;;2021;22;;;;;2019.5;270.525390625
-1;40700;RAINFOREST_RESIN;9998;7;9996;2;9995;20;10004;2;10005;20;;;10001.0;791.0
-1;40800;KELP;2018;27;;;;;2021;27;;;;;2019.5;268.666015625
-1;40800;RAINFOREST_RESIN;9995;27;;;;;10005;27;;;;;10000.0;791.0
-1;40900;RAINFOREST_RESIN;9998;10;9996;2;9995;26;10004;2;10005;26;;;10001.0;791.0
-1;40900;KELP;2017;28;;;;;2021;28;;;;;2019.0;273.3994140625
-1;41000;RAINFOREST_RESIN;9995;21;;;;;10002;10;10005;21;;;9998.5;824.0
-1;41000;KELP;2018;20;;;;;2020;3;2021;21;;;2019.0;270.8251953125
-1;41100;KELP;2018;24;;;;;2021;27;;;;;2019.5;271.16015625
-1;41100;RAINFOREST_RESIN;9995;27;;;;;10005;27;;;;;10000.0;824.0
-1;41200;KELP;2018;29;;;;;2021;29;;;;;2019.5;271.26171875
-1;41200;RAINFOREST_RESIN;9995;29;;;;;10005;29;;;;;10000.0;824.0
-1;41300;RAINFOREST_RESIN;9998;2;9996;1;9995;24;10004;1;10005;24;;;10001.0;824.0
-1;41300;KELP;2017;25;;;;;2019;4;2021;25;;;2018.0;274.962890625
-1;41400;RAINFOREST_RESIN;9998;5;9996;2;9995;23;10000;4;10004;2;10005;23;9999.0;824.0
-1;41400;KELP;2017;25;;;;;2018;4;2019;5;2020;25;2017.5;279.8486328125
-1;41500;KELP;2017;22;;;;;2019;1;2021;22;;;2018.0;279.22314453125
-1;41500;RAINFOREST_RESIN;9998;8;9996;2;9995;20;10004;2;10005;20;;;10001.0;824.0
-1;41600;KELP;2017;23;;;;;2019;7;2020;1;2021;22;2018.0;279.43505859375
-1;41600;RAINFOREST_RESIN;9996;1;9995;22;;;10004;1;10005;22;;;10000.0;824.0
-1;41700;RAINFOREST_RESIN;10000;5;9995;21;;;10005;21;;;;;10002.5;824.0
-1;41700;KELP;2019;4;2017;21;;;2021;21;;;;;2020.0;278.8779296875
-1;41800;RAINFOREST_RESIN;9996;2;9995;22;;;10004;2;10005;22;;;10000.0;824.0
-1;41800;KELP;2018;24;;;;;2021;24;;;;;2019.5;277.62451171875
-1;41900;KELP;2018;22;;;;;2020;1;2021;22;;;2019.0;277.47314453125
-1;41900;RAINFOREST_RESIN;9996;1;9995;21;;;9998;4;10004;1;10005;21;9997.0;824.0
-1;42000;KELP;2018;31;;;;;2020;5;2021;32;;;2019.0;276.92333984375
-1;42000;RAINFOREST_RESIN;9996;2;9995;30;;;10004;2;10005;30;;;10000.0;832.0
-1;42100;RAINFOREST_RESIN;9998;8;9996;2;9995;21;10004;2;10005;21;;;10001.0;832.0
-1;42100;KELP;2018;23;;;;;2021;2;2022;21;;;2019.5;277.431640625
-1;42200;RAINFOREST_RESIN;10002;1;9995;28;;;10005;28;;;;;10003.5;832.0
-1;42200;KELP;2018;28;;;;;2022;28;;;;;2020.0;277.06640625
-1;42300;KELP;2018;20;;;;;2019;7;2020;2;2022;20;2018.5;276.666015625
-1;42300;RAINFOREST_RESIN;9995;20;;;;;10005;20;;;;;10000.0;834.0
-1;42400;KELP;2019;30;;;;;2022;31;;;;;2020.5;282.729736328125
-1;42400;RAINFOREST_RESIN;9996;2;9995;29;;;10004;2;10005;29;;;10000.0;834.0
-1;42500;RAINFOREST_RESIN;9995;24;;;;;10002;3;10005;24;;;9998.5;834.0
-1;42500;KELP;2019;24;;;;;2022;24;;;;;2020.5;282.75732421875
-1;42600;RAINFOREST_RESIN;9995;26;;;;;10005;26;;;;;10000.0;856.0
-1;42600;KELP;2019;26;;;;;2022;26;;;;;2020.5;283.0
-1;42700;KELP;2018;26;;;;;2022;26;;;;;2020.0;283.031982421875
-1;42700;RAINFOREST_RESIN;9995;26;;;;;10005;26;;;;;10000.0;864.0
-1;42800;KELP;2019;30;;;;;2022;30;;;;;2020.5;283.51904296875
-1;42800;RAINFOREST_RESIN;9995;30;;;;;10005;30;;;;;10000.0;864.0
-1;42900;RAINFOREST_RESIN;9995;25;;;;;10005;25;;;;;10000.0;864.0
-1;42900;KELP;2019;25;;;;;2022;25;;;;;2020.5;283.97998046875
-1;43000;RAINFOREST_RESIN;9995;23;;;;;10005;23;;;;;10000.0;872.0
-1;43000;KELP;2020;2;2019;23;;;2023;23;;;;;2021.5;285.0
-1;43100;KELP;2020;21;;;;;2023;21;;;;;2021.5;285.0
-1;43100;RAINFOREST_RESIN;9995;21;;;;;10005;21;;;;;10000.0;872.0
-1;43200;KELP;2019;21;;;;;2023;21;;;;;2021.0;285.0
-1;43200;RAINFOREST_RESIN;9996;1;9995;20;;;10004;1;10005;20;;;10000.0;872.0
-1;43300;RAINFOREST_RESIN;9996;1;9995;24;;;10004;1;10005;24;;;10000.0;872.0
-1;43300;KELP;2019;25;;;;;2021;2;2023;25;;;2020.0;285.0
-1;43400;RAINFOREST_RESIN;9996;2;9995;22;;;10004;2;10005;22;;;10000.0;872.0
-1;43400;KELP;2021;4;2020;24;;;2023;24;;;;;2022.0;285.0
-1;43500;KELP;2020;22;;;;;2022;7;2023;23;;;2021.0;285.0
-1;43500;RAINFOREST_RESIN;9998;7;9995;23;;;10005;23;;;;;10001.5;872.0
-1;43600;KELP;2020;5;2019;21;;;2023;23;;;;;2021.5;285.0
-1;43600;RAINFOREST_RESIN;9996;2;9995;21;;;10002;9;10004;2;10005;21;9999.0;872.0
-1;43700;KELP;2020;24;;;;;2023;24;;;;;2021.5;285.0
-1;43700;RAINFOREST_RESIN;9996;1;9995;23;;;10004;1;10005;23;;;10000.0;872.0
-1;43800;RAINFOREST_RESIN;9996;2;9995;26;;;10004;2;10005;26;;;10000.0;872.0
-1;43800;KELP;2020;35;;;;;2023;28;;;;;2021.5;285.0
-1;43900;KELP;2020;36;;;;;2023;30;;;;;2021.5;285.0
-1;43900;RAINFOREST_RESIN;10002;4;9998;2;9996;1;10004;1;10005;29;;;10003.0;872.0
-1;44000;RAINFOREST_RESIN;9996;2;9995;20;;;10004;2;10005;20;;;10000.0;880.0
-1;44000;KELP;2020;22;;;;;2022;3;2023;22;;;2021.0;285.0
-1;44100;KELP;2019;24;;;;;2023;24;;;;;2021.0;285.0
-1;44100;RAINFOREST_RESIN;9995;24;;;;;9998;1;10002;2;10005;24;9996.5;880.0
-1;44200;RAINFOREST_RESIN;9995;21;;;;;10005;21;;;;;10000.0;882.0
-1;44200;KELP;2019;21;;;;;2023;21;;;;;2021.0;285.0
-1;44300;KELP;2019;27;;;;;2023;27;;;;;2021.0;285.0
-1;44300;RAINFOREST_RESIN;9995;27;;;;;10005;27;;;;;10000.0;882.0
-1;44400;RAINFOREST_RESIN;9998;7;9995;28;;;10005;28;;;;;10001.5;882.0
-1;44400;KELP;2018;28;;;;;2022;28;;;;;2020.0;285.0
-1;44500;KELP;2021;1;2019;2;2018;21;2022;21;;;;;2021.5;285.0
-1;44500;RAINFOREST_RESIN;9995;21;;;;;10005;21;;;;;10000.0;882.0
-1;44600;RAINFOREST_RESIN;9996;1;9995;23;;;10004;1;10005;23;;;10000.0;882.0
-1;44600;KELP;2019;24;;;;;2022;24;;;;;2020.5;285.6417236328125
-1;44700;KELP;2019;29;;;;;2022;29;;;;;2020.5;285.6883544921875
-1;44700;RAINFOREST_RESIN;9995;29;;;;;10002;10;10005;29;;;9998.5;882.0
-1;44800;RAINFOREST_RESIN;9995;29;;;;;9998;1;10002;10;10005;29;9996.5;882.0
-1;44800;KELP;2018;29;;;;;2022;29;;;;;2020.0;285.88916015625
-1;44900;KELP;2019;1;2018;26;;;2022;26;;;;;2020.5;285.962646484375
-1;44900;RAINFOREST_RESIN;9996;1;9995;25;;;10004;1;10005;25;;;10000.0;884.0
-1;45000;RAINFOREST_RESIN;10002;1;9996;2;9995;24;10004;2;10005;24;;;10003.0;884.0
-1;45000;KELP;2018;26;;;;;2022;26;;;;;2020.0;285.9429931640625
-1;45100;KELP;2019;27;;;;;2021;5;2022;27;;;2020.0;285.725830078125
-1;45100;RAINFOREST_RESIN;9996;1;9995;26;;;10004;1;10005;26;;;10000.0;886.0
-1;45200;RAINFOREST_RESIN;9996;1;9995;28;;;10004;1;10005;28;;;10000.0;886.0
-1;45200;KELP;2019;29;;;;;2021;6;2022;29;;;2020.0;285.770751953125
-1;45300;KELP;2018;26;;;;;2021;22;;;;;2019.5;286.272705078125
-1;45300;RAINFOREST_RESIN;9995;22;;;;;10005;22;;;;;10000.0;886.0
-1;45400;RAINFOREST_RESIN;9996;2;9995;21;;;9998;1;10004;2;10005;21;9997.0;886.0
-1;45400;KELP;2018;22;;;;;2020;2;2021;23;;;2019.0;286.57373046875
-1;45500;KELP;2018;25;;;;;2019;3;2021;25;;;2018.5;286.487060546875
-1;45500;RAINFOREST_RESIN;9996;1;9995;24;;;10000;3;10004;1;10005;24;9998.0;888.0
-1;45600;RAINFOREST_RESIN;9995;26;;;;;10002;5;10005;26;;;9998.5;888.0
-1;45600;KELP;2018;33;;;;;2021;26;;;;;2019.5;288.22265625
-1;45700;KELP;2018;24;;;;;2021;24;;;;;2019.5;288.24951171875
-1;45700;RAINFOREST_RESIN;9995;24;;;;;10005;24;;;;;10000.0;888.0
-1;45800;RAINFOREST_RESIN;9996;1;9995;27;;;10004;1;10005;27;;;10000.0;888.0
-1;45800;KELP;2018;27;;;;;2021;28;;;;;2019.5;288.377685546875
-1;45900;KELP;2019;4;2018;31;;;2022;31;;;;;2020.5;288.92724609375
-1;45900;RAINFOREST_RESIN;9996;1;9995;30;;;10004;1;10005;30;;;10000.0;888.0
-1;46000;RAINFOREST_RESIN;9996;2;9995;24;;;10004;2;10005;24;;;10000.0;894.0
-1;46000;KELP;2019;2;2018;24;;;2022;26;;;;;2020.5;291.0
-1;46100;KELP;2019;25;;;;;2022;25;;;;;2020.5;291.0
-1;46100;RAINFOREST_RESIN;9998;6;9996;2;9995;23;10004;2;10005;23;;;10001.0;894.0
-1;46200;RAINFOREST_RESIN;9998;2;9996;1;9995;27;10004;1;10005;27;;;10001.0;894.0
-1;46200;KELP;2018;28;;;;;2021;1;2022;27;;;2019.5;291.0
-1;46300;KELP;2018;29;;;;;2021;29;;;;;2019.5;291.0
-1;46300;RAINFOREST_RESIN;9996;2;9995;27;;;10004;2;10005;27;;;10000.0;894.0
-1;46400;RAINFOREST_RESIN;9995;22;;;;;10005;22;;;;;10000.0;894.0
-1;46400;KELP;2018;22;;;;;2022;22;;;;;2020.0;291.0
-1;46500;KELP;2019;6;2018;31;;;2021;31;;;;;2020.0;291.0
-1;46500;RAINFOREST_RESIN;10000;6;9996;1;9995;30;10004;1;10005;30;;;10002.0;894.0
-1;46600;KELP;2019;3;2018;28;;;2021;1;2022;27;;;2020.0;291.0
-1;46600;RAINFOREST_RESIN;9998;10;9996;1;9995;27;10004;1;10005;27;;;10001.0;894.0
-1;46700;RAINFOREST_RESIN;9995;26;;;;;10005;26;;;;;10000.0;894.0
-1;46700;KELP;2019;26;;;;;2022;26;;;;;2020.5;291.0
-1;46800;RAINFOREST_RESIN;9996;1;9995;21;;;10004;1;10005;21;;;10000.0;894.0
-1;46800;KELP;2019;22;;;;;2022;22;;;;;2020.5;291.0
-1;46900;KELP;2021;1;2019;32;;;2022;32;;;;;2021.5;291.0
-1;46900;RAINFOREST_RESIN;9996;2;9995;30;;;10004;2;10005;30;;;10000.0;894.0
-1;47000;KELP;2019;21;;;;;2022;21;;;;;2020.5;291.6534423828125
-1;47000;RAINFOREST_RESIN;9996;1;9995;20;;;10004;1;10005;20;;;10000.0;894.0
-1;47100;RAINFOREST_RESIN;9996;2;9995;24;;;9998;1;10004;2;10005;24;9997.0;894.0
-1;47100;KELP;2019;22;;;;;2022;26;;;;;2020.5;291.7265625
-1;47200;RAINFOREST_RESIN;10002;1;9996;2;9995;28;10004;2;10005;28;;;10003.0;896.0
-1;47200;KELP;2019;30;;;;;2022;30;;;;;2020.5;291.6988525390625
-1;47300;KELP;2019;25;;;;;2021;1;2022;25;;;2020.0;291.619140625
-1;47300;RAINFOREST_RESIN;10002;1;9998;3;9995;25;10005;25;;;;;10003.5;898.0
-1;47400;KELP;2019;25;;;;;2022;24;;;;;2020.5;291.4239501953125
-1;47400;RAINFOREST_RESIN;9995;24;;;;;10002;9;10005;24;;;9998.5;900.0
-1;47500;RAINFOREST_RESIN;9995;30;;;;;10002;1;10005;30;;;9998.5;900.0
-1;47500;KELP;2019;30;;;;;2021;6;2022;30;;;2020.0;291.4462890625
-1;47600;RAINFOREST_RESIN;9996;1;9995;27;;;10004;1;10005;27;;;10000.0;900.0
-1;47600;KELP;2019;28;;;;;2022;28;;;;;2020.5;291.2733154296875
-1;47700;KELP;2019;23;;;;;2022;23;;;;;2020.5;291.2333984375
-1;47700;RAINFOREST_RESIN;9996;1;9995;22;;;10002;8;10004;1;10005;22;9999.0;900.0
-1;47800;KELP;2019;23;;;;;2022;1;2023;22;;;2020.5;291.181884765625
-1;47800;RAINFOREST_RESIN;9996;1;9995;22;;;10002;8;10004;1;10005;22;9999.0;900.0
-1;47900;RAINFOREST_RESIN;10002;1;9995;27;;;10005;27;;;;;10003.5;900.0
-1;47900;KELP;2019;27;;;;;2023;27;;;;;2021.0;291.1646728515625
-1;48000;RAINFOREST_RESIN;9995;27;;;;;10005;27;;;;;10000.0;902.0
-1;48000;KELP;2019;27;;;;;2023;27;;;;;2021.0;291.18359375
-1;48100;KELP;2019;22;;;;;2022;21;;;;;2020.5;291.3638916015625
-1;48100;RAINFOREST_RESIN;9995;21;;;;;10002;9;10005;21;;;9998.5;902.0
-1;48200;KELP;2019;25;;;;;2022;25;;;;;2020.5;292.580810546875
-1;48200;RAINFOREST_RESIN;9998;5;9995;25;;;10005;25;;;;;10001.5;910.0
-1;48300;RAINFOREST_RESIN;9996;1;9995;28;;;9998;1;10000;5;10004;1;9997.0;910.0
-1;48300;KELP;2018;29;;;;;2019;5;2022;29;;;2018.5;291.912109375
-1;48400;RAINFOREST_RESIN;9995;27;;;;;10002;7;10005;27;;;9998.5;912.0
-1;48400;KELP;2019;1;2018;27;;;2022;27;;;;;2020.5;297.2783203125
-1;48500;KELP;2019;1;2018;29;;;2022;29;;;;;2020.5;296.96484375
-1;48500;RAINFOREST_RESIN;9995;29;;;;;9998;1;10005;29;;;9996.5;912.0
-1;48600;KELP;2019;1;2018;29;;;2022;29;;;;;2020.5;297.0712890625
-1;48600;RAINFOREST_RESIN;9996;1;9995;28;;;10004;1;10005;28;;;10000.0;914.0
-1;48700;RAINFOREST_RESIN;9996;1;9995;22;;;10004;1;10005;22;;;10000.0;917.0
-1;48700;KELP;2018;23;;;;;2022;23;;;;;2020.0;296.6865234375
-1;48800;RAINFOREST_RESIN;9996;1;9995;23;;;10004;1;10005;23;;;10000.0;917.0
-1;48800;KELP;2019;29;;;;;2022;24;;;;;2020.5;298.4541015625
-1;48900;KELP;2019;34;;;;;2022;27;;;;;2020.5;299.1357421875
-1;48900;RAINFOREST_RESIN;9995;27;;;;;10005;27;;;;;10000.0;917.0
-1;49000;KELP;2019;39;;;;;2022;32;;;;;2020.5;298.591796875
-1;49000;RAINFOREST_RESIN;9996;2;9995;30;;;10004;2;10005;30;;;10000.0;917.0
-1;49100;RAINFOREST_RESIN;9996;2;9995;30;;;10004;2;10005;30;;;10000.0;917.0
-1;49100;KELP;2019;40;;;;;2022;32;;;;;2020.5;300.2587890625
-1;49200;RAINFOREST_RESIN;9996;1;9995;20;;;10004;1;10005;20;;;10000.0;917.0
-1;49200;KELP;2019;21;;;;;2022;21;;;;;2020.5;298.921875
-1;49300;KELP;2019;21;;;;;2022;22;;;;;2020.5;305.7783203125
-1;49300;RAINFOREST_RESIN;9998;9;9996;1;9995;21;10004;1;10005;21;;;10001.0;917.0
-1;49400;KELP;2021;9;2020;5;2019;20;2022;20;;;;;2021.5;306.4580078125
-1;49400;RAINFOREST_RESIN;9995;20;;;;;10005;20;;;;;10000.0;917.0
-1;49500;RAINFOREST_RESIN;9996;2;9995;30;;;10004;2;10005;30;;;10000.0;917.0
-1;49500;KELP;2019;40;;;;;2022;32;;;;;2020.5;310.111328125
-1;49600;RAINFOREST_RESIN;9995;24;;;;;10005;24;;;;;10000.0;917.0
-1;49600;KELP;2021;1;2019;24;;;2022;24;;;;;2021.5;309.86328125
-1;49700;KELP;2019;28;;;;;2022;28;;;;;2020.5;311.23828125
-1;49700;RAINFOREST_RESIN;9998;7;9996;2;9995;26;10004;2;10005;26;;;10001.0;917.0
-1;49800;KELP;2019;25;;;;;2020;5;2023;25;;;2019.5;301.55859375
-1;49800;RAINFOREST_RESIN;9996;2;9995;23;;;10004;2;10005;23;;;10000.0;917.0
-1;49900;RAINFOREST_RESIN;9998;3;9995;23;;;10005;23;;;;;10001.5;917.0
-1;49900;KELP;2019;23;;;;;2023;23;;;;;2021.0;308.677734375
-1;50000;RAINFOREST_RESIN;9996;1;9995;20;;;10004;1;10005;20;;;10000.0;925.0
-1;50000;KELP;2019;21;;;;;2022;1;2023;20;;;2020.5;312.68359375
-1;50100;KELP;2019;24;;;;;2021;2;2022;24;;;2020.0;315.00390625
-1;50100;RAINFOREST_RESIN;9995;24;;;;;10005;24;;;;;10000.0;925.0
-1;50200;KELP;2019;24;;;;;2023;24;;;;;2021.0;309.55078125
-1;50200;RAINFOREST_RESIN;9995;24;;;;;10005;24;;;;;10000.0;925.0
-1;50300;RAINFOREST_RESIN;9995;30;;;;;10002;10;10005;30;;;9998.5;925.0
-1;50300;KELP;2019;30;;;;;2023;30;;;;;2021.0;307.87890625
-1;50400;RAINFOREST_RESIN;9998;4;9996;1;9995;22;10000;2;10004;1;10005;22;9999.0;925.0
-1;50400;KELP;2019;23;;;;;2021;3;2023;23;;;2020.0;308.21875
-1;50500;KELP;2019;25;;;;;2023;25;;;;;2021.0;308.83203125
-1;50500;RAINFOREST_RESIN;9996;2;9995;23;;;10004;2;10005;23;;;10000.0;925.0
-1;50600;KELP;2019;21;;;;;2020;6;2023;23;;;2019.5;307.4375
-1;50600;RAINFOREST_RESIN;10002;1;9996;2;9995;21;10004;2;10005;21;;;10003.0;925.0
-1;50700;RAINFOREST_RESIN;9996;2;9995;22;;;10004;2;10005;22;;;10000.0;929.0
-1;50700;KELP;2020;24;;;;;2023;24;;;;;2021.5;314.62890625
-1;50800;RAINFOREST_RESIN;10002;5;9996;2;9995;22;10004;2;10005;22;;;10003.0;929.0
-1;50800;KELP;2022;1;2020;24;;;2023;24;;;;;2022.5;313.087890625
-1;50900;KELP;2020;28;;;;;2022;4;2023;28;;;2021.0;312.9765625
-1;50900;RAINFOREST_RESIN;9996;1;9995;27;;;10004;1;10005;27;;;10000.0;939.0
-1;51000;KELP;2020;28;;;;;2023;28;;;;;2021.5;314.048828125
-1;51000;RAINFOREST_RESIN;9996;2;9995;26;;;10004;2;10005;26;;;10000.0;939.0
-1;51100;RAINFOREST_RESIN;9998;6;9996;1;9995;25;10004;1;10005;25;;;10001.0;939.0
-1;51100;KELP;2020;26;;;;;2023;26;;;;;2021.5;311.75
-1;51200;RAINFOREST_RESIN;9996;2;9995;28;;;10004;2;10005;28;;;10000.0;939.0
-1;51200;KELP;2020;30;;;;;2023;30;;;;;2021.5;313.2265625
-1;51300;KELP;2020;25;;;;;2023;25;;;;;2021.5;309.0390625
-1;51300;RAINFOREST_RESIN;9996;1;9995;24;;;10004;1;10005;24;;;10000.0;939.0
-1;51400;KELP;2020;30;;;;;2023;30;;;;;2021.5;311.45703125
-1;51400;RAINFOREST_RESIN;9995;30;;;;;10002;3;10005;30;;;9998.5;939.0
-1;51500;RAINFOREST_RESIN;9995;30;;;;;10005;30;;;;;10000.0;939.0
-1;51500;KELP;2022;1;2020;30;;;2023;30;;;;;2022.5;311.734375
-1;51600;RAINFOREST_RESIN;10000;5;9996;2;9995;22;10002;1;10004;2;10005;22;10001.0;939.0
-1;51600;KELP;2021;5;2020;24;;;2023;24;;;;;2022.0;311.572265625
-1;51700;KELP;2020;16;;;;;2023;20;;;;;2021.5;314.71875
-1;51700;RAINFOREST_RESIN;9995;20;;;;;10005;20;;;;;10000.0;941.0
-1;51800;KELP;2020;1;2019;24;;;2023;25;;;;;2021.5;317.92578125
-1;51800;RAINFOREST_RESIN;9996;1;9995;24;;;10004;1;10005;24;;;10000.0;985.0
-1;51900;RAINFOREST_RESIN;9996;1;9995;23;;;10004;1;10005;23;;;10000.0;985.0
-1;51900;KELP;2021;4;2019;24;;;2023;24;;;;;2022.0;320.818359375
-1;52000;RAINFOREST_RESIN;9998;3;9995;29;;;10005;29;;;;;10001.5;1000.0
-1;52000;KELP;2019;29;;;;;2021;6;2023;29;;;2020.0;319.158203125
-1;52100;KELP;2019;21;;;;;2023;21;;;;;2021.0;318.853515625
-1;52100;RAINFOREST_RESIN;9995;21;;;;;10005;21;;;;;10000.0;1000.0
-1;52200;KELP;2019;31;;;;;2023;31;;;;;2021.0;321.42578125
-1;52200;RAINFOREST_RESIN;9996;2;9995;29;;;10004;2;10005;29;;;10000.0;1032.0
-1;52300;RAINFOREST_RESIN;10002;1;9996;1;9995;27;10004;1;10005;27;;;10003.0;1032.0
-1;52300;KELP;2022;1;2019;28;;;2023;28;;;;;2022.5;319.9375
-1;52400;RAINFOREST_RESIN;9998;3;9996;1;9995;29;10004;1;10005;29;;;10001.0;1034.0
-1;52400;KELP;2020;30;;;;;2023;30;;;;;2021.5;313.86328125
-1;52500;KELP;2022;1;2020;28;;;2023;28;;;;;2022.5;314.740234375
-1;52500;RAINFOREST_RESIN;9996;1;9995;27;;;9998;1;10004;1;10005;27;9997.0;1034.0
-1;52600;RAINFOREST_RESIN;9998;1;9996;1;9995;22;10000;4;10004;1;10005;22;9999.0;1036.0
-1;52600;KELP;2020;1;2019;22;;;2021;4;2023;23;;;2020.5;321.078125
-1;52700;KELP;2019;26;;;;;2023;27;;;;;2021.0;323.69140625
-1;52700;RAINFOREST_RESIN;9996;2;9995;25;;;10004;2;10005;25;;;10000.0;1036.0
-1;52800;RAINFOREST_RESIN;9995;26;;;;;10005;26;;;;;10000.0;1036.0
-1;52800;KELP;2019;26;;;;;2023;26;;;;;2021.0;319.51953125
-1;52900;KELP;2020;30;;;;;2023;30;;;;;2021.5;318.96484375
-1;52900;RAINFOREST_RESIN;9995;30;;;;;10005;30;;;;;10000.0;1036.0
-1;53000;RAINFOREST_RESIN;10002;1;9996;1;9995;20;10004;1;10005;20;;;10003.0;1060.0
-1;53000;KELP;2020;21;;;;;2023;21;;;;;2021.5;316.23828125
-1;53100;KELP;2019;24;;;;;2023;24;;;;;2021.0;322.1953125
-1;53100;RAINFOREST_RESIN;9995;24;;;;;10005;24;;;;;10000.0;1062.0
-1;53200;RAINFOREST_RESIN;9996;1;9995;30;;;10004;1;10005;30;;;10000.0;1062.0
-1;53200;KELP;2022;1;2019;31;;;2023;31;;;;;2022.5;321.44140625
-1;53300;KELP;2020;29;;;;;2023;29;;;;;2021.5;319.56640625
-1;53300;RAINFOREST_RESIN;9995;29;;;;;10005;29;;;;;10000.0;1062.0
-1;53400;RAINFOREST_RESIN;9998;6;9996;2;9995;23;10004;2;10005;23;;;10001.0;1062.0
-1;53400;KELP;2020;25;;;;;2023;25;;;;;2021.5;315.5546875
-1;53500;KELP;2020;23;;;;;2023;23;;;;;2021.5;317.6640625
-1;53500;RAINFOREST_RESIN;9996;2;9995;21;;;10002;1;10004;2;10005;21;9999.0;1062.0
-1;53600;RAINFOREST_RESIN;9995;24;;;;;9998;9;10005;24;;;9996.5;1062.0
-1;53600;KELP;2020;24;;;;;2023;24;;;;;2021.5;319.8046875
-1;53700;KELP;2019;30;;;;;2023;30;;;;;2021.0;321.90234375
-1;53700;RAINFOREST_RESIN;9998;1;9995;30;;;10005;30;;;;;10001.5;1080.0
-1;53800;RAINFOREST_RESIN;10002;3;9995;30;;;10005;30;;;;;10003.5;1080.0
-1;53800;KELP;2019;30;;;;;2023;30;;;;;2021.0;322.2734375
-1;53900;KELP;2019;27;;;;;2023;27;;;;;2021.0;323.359375
-1;53900;RAINFOREST_RESIN;9996;2;9995;25;;;10004;2;10005;25;;;10000.0;1086.0
-1;54000;RAINFOREST_RESIN;9998;6;9996;1;9995;30;10004;1;10005;30;;;10001.0;1092.0
-1;54000;KELP;2020;31;;;;;2022;1;2023;31;;;2021.0;318.14453125
-1;54100;KELP;2020;24;;;;;2022;2;2023;24;;;2021.0;318.94140625
-1;54100;RAINFOREST_RESIN;9998;2;9996;2;9995;22;10004;2;10005;22;;;10001.0;1092.0
-1;54200;RAINFOREST_RESIN;9995;28;;;;;10005;28;;;;;10000.0;1092.0
-1;54200;KELP;2020;28;;;;;2023;28;;;;;2021.5;319.5
-1;54300;KELP;2022;1;2019;25;;;2023;25;;;;;2022.5;326.16015625
-1;54300;RAINFOREST_RESIN;9996;2;9995;23;;;10004;2;10005;23;;;10000.0;1092.0
-1;54400;RAINFOREST_RESIN;9995;29;;;;;10005;29;;;;;10000.0;1104.0
-1;54400;KELP;2019;29;;;;;2022;29;;;;;2020.5;332.796875
-1;54500;KELP;2019;21;;;;;2022;21;;;;;2020.5;334.72265625
-1;54500;RAINFOREST_RESIN;9996;1;9995;20;;;10004;1;10005;20;;;10000.0;1104.0
-1;54600;RAINFOREST_RESIN;10002;3;9995;27;;;10005;27;;;;;10003.5;1104.0
-1;54600;KELP;2019;27;;;;;2023;27;;;;;2021.0;332.12109375
-1;54700;KELP;2019;29;;;;;2020;4;2022;29;;;2019.5;332.8828125
-1;54700;RAINFOREST_RESIN;9996;2;9995;27;;;10004;2;10005;27;;;10000.0;1110.0
-1;54800;RAINFOREST_RESIN;9998;8;9995;27;;;10005;27;;;;;10001.5;1110.0
-1;54800;KELP;2019;27;;;;;2021;1;2022;27;;;2020.0;336.447265625
-1;54900;KELP;2019;29;;;;;2022;29;;;;;2020.5;337.28125
-1;54900;RAINFOREST_RESIN;9996;1;9995;28;;;10002;3;10004;1;10005;28;9999.0;1110.0
-1;55000;RAINFOREST_RESIN;9996;2;9995;28;;;10002;8;10004;2;10005;28;9999.0;1110.0
-1;55000;KELP;2019;36;;;;;2022;30;;;;;2020.5;340.8515625
-1;55100;KELP;2019;37;;;;;2022;29;;;;;2020.5;343.30078125
-1;55100;RAINFOREST_RESIN;9995;29;;;;;10005;29;;;;;10000.0;1110.0
-1;55200;RAINFOREST_RESIN;9996;2;9995;21;;;10004;2;10005;21;;;10000.0;1118.0
-1;55200;KELP;2018;21;;;;;2019;3;2020;8;2022;23;2018.5;347.109375
-1;55300;RAINFOREST_RESIN;9996;2;9995;27;;;9998;1;10002;2;10004;2;9997.0;1118.0
-1;55300;KELP;2018;29;;;;;2022;29;;;;;2020.0;351.96875
-1;55400;RAINFOREST_RESIN;9998;3;9996;1;9995;21;10004;1;10005;21;;;10001.0;1120.0
-1;55400;KELP;2019;2;2018;22;;;2022;22;;;;;2020.5;351.51171875
-1;55500;KELP;2021;1;2019;4;2018;25;2022;25;;;;;2021.5;350.392578125
-1;55500;RAINFOREST_RESIN;9995;25;;;;;10002;9;10005;25;;;9998.5;1120.0
-1;55600;KELP;2019;3;2018;26;;;2022;26;;;;;2020.5;352.013671875
-1;55600;RAINFOREST_RESIN;9995;26;;;;;10005;26;;;;;10000.0;1120.0
-1;55700;RAINFOREST_RESIN;9996;2;9995;21;;;10004;2;10005;21;;;10000.0;1120.0
-1;55700;KELP;2019;25;;;;;2022;23;;;;;2020.5;350.572265625
-1;55800;RAINFOREST_RESIN;9998;6;9996;1;9995;26;10004;1;10005;26;;;10001.0;1123.0
-1;55800;KELP;2018;27;;;;;2022;27;;;;;2020.0;352.4609375
-1;55900;KELP;2018;22;;;;;2022;22;;;;;2020.0;355.263671875
-1;55900;RAINFOREST_RESIN;9995;22;;;;;10005;22;;;;;10000.0;1123.0
-1;56000;KELP;2018;24;;;;;2019;3;2021;2;2022;22;2018.5;356.611328125
-1;56000;RAINFOREST_RESIN;9996;2;9995;22;;;10002;10;10004;2;10005;22;9999.0;1123.0
-1;56100;RAINFOREST_RESIN;9996;2;9995;20;;;10004;2;10005;20;;;10000.0;1123.0
-1;56100;KELP;2019;22;;;;;2022;22;;;;;2020.5;353.03515625
-1;56200;RAINFOREST_RESIN;9996;1;9995;29;;;10004;1;10005;29;;;10000.0;1123.0
-1;56200;KELP;2020;2;2018;30;;;2022;30;;;;;2021.0;355.77734375
-1;56300;KELP;2019;6;2018;27;;;2022;27;;;;;2020.5;356.091796875
-1;56300;RAINFOREST_RESIN;10002;1;9996;2;9995;25;10004;2;10005;25;;;10003.0;1123.0
-1;56400;KELP;2018;31;;;;;2022;31;;;;;2020.0;356.587890625
-1;56400;RAINFOREST_RESIN;9996;1;9995;30;;;10004;1;10005;30;;;10000.0;1125.0
-1;56500;RAINFOREST_RESIN;9996;2;9995;27;;;10004;2;10005;27;;;10000.0;1125.0
-1;56500;KELP;2018;29;;;;;2022;29;;;;;2020.0;356.935546875
-1;56600;RAINFOREST_RESIN;9996;2;9995;29;;;10002;4;10004;2;10005;29;9999.0;1125.0
-1;56600;KELP;2019;2;2018;29;;;2022;31;;;;;2020.5;355.138671875
-1;56700;KELP;2020;6;2018;26;;;2022;26;;;;;2021.0;357.544921875
-1;56700;RAINFOREST_RESIN;9998;3;9996;2;9995;24;10000;2;10004;2;10005;24;9999.0;1125.0
-1;56800;KELP;2018;24;;;;;2021;2;2022;22;;;2019.5;358.80078125
-1;56800;RAINFOREST_RESIN;10002;1;9998;10;9996;2;10004;2;10005;22;;;10003.0;1125.0
-1;56900;RAINFOREST_RESIN;9996;2;9995;20;;;10004;2;10005;20;;;10000.0;1127.0
-1;56900;KELP;2018;24;;;;;2021;22;;;;;2019.5;361.6640625
-1;57000;RAINFOREST_RESIN;9996;1;9995;27;;;10004;1;10005;27;;;10000.0;1127.0
-1;57000;KELP;2018;28;;;;;2020;8;2021;28;;;2019.0;365.65234375
-1;57100;KELP;2017;27;;;;;2020;27;;;;;2018.5;372.01171875
-1;57100;RAINFOREST_RESIN;9996;2;9995;25;;;10004;2;10005;25;;;10000.0;1127.0
-1;57200;KELP;2019;1;2017;27;;;2020;27;;;;;2019.5;373.888671875
-1;57200;RAINFOREST_RESIN;10002;2;9996;1;9995;26;10004;1;10005;26;;;10003.0;1127.0
-1;57300;RAINFOREST_RESIN;9996;1;9995;26;;;10002;9;10004;1;10005;26;9999.0;1131.0
-1;57300;KELP;2017;27;;;;;2020;27;;;;;2018.5;372.96875
-1;57400;RAINFOREST_RESIN;9995;24;;;;;10005;24;;;;;10000.0;1131.0
-1;57400;KELP;2017;24;;;;;2019;2;2020;24;;;2018.0;374.19140625
-1;57500;KELP;2019;5;2017;30;;;2020;25;;;;;2019.5;373.978515625
-1;57500;RAINFOREST_RESIN;9998;5;9996;2;9995;23;10004;2;10005;23;;;10001.0;1131.0
-1;57600;KELP;2017;24;;;;;2020;24;;;;;2018.5;374.5234375
-1;57600;RAINFOREST_RESIN;9995;24;;;;;10005;24;;;;;10000.0;1131.0
-1;57700;RAINFOREST_RESIN;9995;29;;;;;10005;29;;;;;10000.0;1131.0
-1;57700;KELP;2017;29;;;;;2020;29;;;;;2018.5;374.80859375
-1;57800;RAINFOREST_RESIN;9998;1;9996;2;9995;29;10004;2;10005;29;;;10001.0;1131.0
-1;57800;KELP;2017;31;;;;;2020;2;2021;29;;;2018.5;371.1015625
-1;57900;KELP;2017;27;;;;;2018;6;2019;5;2020;2;2017.5;372.390625
-1;57900;RAINFOREST_RESIN;9996;2;9995;25;;;9998;1;10000;6;10004;2;9997.0;1131.0
-1;58000;KELP;2017;29;;;;;2020;1;2021;24;;;2018.5;377.42578125
-1;58000;RAINFOREST_RESIN;9996;1;9995;24;;;9998;4;10004;1;10005;24;9997.0;1133.0
-1;58100;RAINFOREST_RESIN;9995;23;;;;;10005;23;;;;;10000.0;1141.0
-1;58100;KELP;2017;23;;;;;2020;23;;;;;2018.5;397.7265625
-1;58200;RAINFOREST_RESIN;9996;1;9995;30;;;10004;1;10005;30;;;10000.0;1153.0
-1;58200;KELP;2017;31;;;;;2020;31;;;;;2018.5;396.2890625
-1;58300;KELP;2017;29;;;;;2020;29;;;;;2018.5;397.3984375
-1;58300;RAINFOREST_RESIN;9995;29;;;;;10005;29;;;;;10000.0;1153.0
-1;58400;KELP;2016;23;;;;;2018;1;2019;23;;;2017.0;422.6015625
-1;58400;RAINFOREST_RESIN;9996;2;9995;21;;;10004;2;10005;21;;;10000.0;1153.0
-1;58500;RAINFOREST_RESIN;9995;21;;;;;10002;1;10005;21;;;9998.5;1153.0
-1;58500;KELP;2016;21;;;;;2019;21;;;;;2017.5;426.57421875
-1;58600;RAINFOREST_RESIN;10002;1;9995;25;;;10005;25;;;;;10003.5;1153.0
-1;58600;KELP;2015;25;;;;;2017;7;2019;25;;;2016.0;432.4765625
-1;58700;KELP;2015;34;;;;;2018;32;;;;;2016.5;438.65234375
-1;58700;RAINFOREST_RESIN;9996;2;9995;30;;;10004;2;10005;30;;;10000.0;1155.0
-1;58800;KELP;2015;29;;;;;2019;29;;;;;2017.0;433.16796875
-1;58800;RAINFOREST_RESIN;9995;29;;;;;10002;1;10005;29;;;9998.5;1155.0
-1;58900;RAINFOREST_RESIN;9996;1;9995;24;;;10004;1;10005;24;;;10000.0;1203.0
-1;58900;KELP;2015;25;;;;;2019;25;;;;;2017.0;429.828125
-1;59000;RAINFOREST_RESIN;9996;2;9995;20;;;10004;2;10005;20;;;10000.0;1203.0
-1;59000;KELP;2016;22;;;;;2019;22;;;;;2017.5;423.328125
-1;59100;KELP;2016;34;;;;;2019;27;;;;;2017.5;418.01171875
-1;59100;RAINFOREST_RESIN;9995;27;;;;;10005;27;;;;;10000.0;1203.0
-1;59200;KELP;2016;31;;;;;2020;31;;;;;2018.0;407.26953125
-1;59200;RAINFOREST_RESIN;9998;4;9996;2;9995;29;10004;2;10005;29;;;10001.0;1207.0
-1;59300;RAINFOREST_RESIN;9996;1;9995;26;;;10004;1;10005;26;;;10000.0;1207.0
-1;59300;KELP;2016;26;;;;;2018;2;2019;27;;;2017.0;417.59375
-1;59400;RAINFOREST_RESIN;9996;1;9995;21;;;10004;1;10005;21;;;10000.0;1207.0
-1;59400;KELP;2015;22;;;;;2019;22;;;;;2017.0;430.98828125
-1;59500;KELP;2015;23;;;;;2019;23;;;;;2017.0;428.7578125
-1;59500;RAINFOREST_RESIN;10002;5;9995;23;;;10005;23;;;;;10003.5;1207.0
-1;59600;KELP;2016;29;;;;;2019;29;;;;;2017.5;425.9609375
-1;59600;RAINFOREST_RESIN;9996;2;9995;27;;;10004;2;10005;27;;;10000.0;1217.0
-1;59700;RAINFOREST_RESIN;9995;21;;;;;10005;21;;;;;10000.0;1217.0
-1;59700;KELP;2015;21;;;;;2018;21;;;;;2016.5;446.046875
-1;59800;RAINFOREST_RESIN;9996;1;9995;24;;;10004;1;10005;24;;;10000.0;1217.0
-1;59800;KELP;2015;25;;;;;2018;25;;;;;2016.5;443.2734375
-1;59900;KELP;2015;24;;;;;2018;24;;;;;2016.5;446.234375
-1;59900;RAINFOREST_RESIN;9996;1;9995;23;;;10002;6;10004;1;10005;23;9999.0;1217.0
-1;60000;KELP;2015;22;;;;;2018;22;;;;;2016.5;443.8046875
-1;60000;RAINFOREST_RESIN;9998;3;9995;22;;;10005;22;;;;;10001.5;1217.0
-1;60100;RAINFOREST_RESIN;9996;2;9995;25;;;10004;2;10005;25;;;10000.0;1221.0
-1;60100;KELP;2015;27;;;;;2018;27;;;;;2016.5;446.234375
-1;60200;RAINFOREST_RESIN;9995;25;;;;;10005;25;;;;;10000.0;1221.0
-1;60200;KELP;2016;3;2015;25;;;2018;25;;;;;2017.0;451.94921875
-1;60300;KELP;2015;28;;;;;2018;28;;;;;2016.5;452.66796875
-1;60300;RAINFOREST_RESIN;9996;1;9995;27;;;10004;1;10005;27;;;10000.0;1253.0
-1;60400;KELP;2015;1;2014;20;;;2018;21;;;;;2016.5;455.00390625
-1;60400;RAINFOREST_RESIN;9996;1;9995;20;;;9998;1;10004;1;10005;20;9997.0;1253.0
-1;60500;RAINFOREST_RESIN;9996;1;9995;23;;;10004;1;10005;23;;;10000.0;1255.0
-1;60500;KELP;2015;24;;;;;2018;24;;;;;2016.5;441.89453125
-1;60600;RAINFOREST_RESIN;9996;2;9995;22;;;10004;2;10005;22;;;10000.0;1255.0
-1;60600;KELP;2015;26;;;;;2018;24;;;;;2016.5;442.609375
-1;60700;KELP;2015;22;;;;;2017;5;2018;22;;;2016.0;442.8046875
-1;60700;RAINFOREST_RESIN;9995;22;;;;;10005;22;;;;;10000.0;1255.0
-1;60800;KELP;2015;31;;;;;2018;32;;;;;2016.5;442.46484375
-1;60800;RAINFOREST_RESIN;10002;10;9996;2;9995;30;10004;2;10005;30;;;10003.0;1255.0
-1;60900;RAINFOREST_RESIN;9996;2;9995;29;;;10004;2;10005;29;;;10000.0;1275.0
-1;60900;KELP;2015;28;;;;;2017;4;2018;31;;;2016.0;448.3671875
-1;61000;RAINFOREST_RESIN;9995;28;;;;;10005;28;;;;;10000.0;1275.0
-1;61000;KELP;2015;28;;;;;2018;28;;;;;2016.5;445.10546875
-1;61100;KELP;2015;29;;;;;2017;3;2018;29;;;2016.0;452.34765625
-1;61100;RAINFOREST_RESIN;9995;29;;;;;10005;29;;;;;10000.0;1275.0
-1;61200;KELP;2015;22;;;;;2016;2;2018;22;;;2015.5;446.19921875
-1;61200;RAINFOREST_RESIN;9998;9;9996;1;9995;21;10000;2;10004;1;10005;21;9999.0;1275.0
-1;61300;RAINFOREST_RESIN;9996;1;9995;22;;;10004;1;10005;22;;;10000.0;1275.0
-1;61300;KELP;2015;23;;;;;2018;23;;;;;2016.5;441.0390625
-1;61400;RAINFOREST_RESIN;9996;1;9995;30;;;10004;1;10005;30;;;10000.0;1275.0
-1;61400;KELP;2015;31;;;;;2018;1;2019;30;;;2016.5;438.7578125
-1;61500;KELP;2015;29;;;;;2018;29;;;;;2016.5;447.671875
-1;61500;RAINFOREST_RESIN;9996;2;9995;27;;;10004;2;10005;27;;;10000.0;1275.0
-1;61600;RAINFOREST_RESIN;9996;2;9995;28;;;10004;2;10005;28;;;10000.0;1275.0
-1;61600;KELP;2015;30;;;;;2017;5;2018;30;;;2016.0;452.5625
-1;61700;KELP;2014;26;;;;;2016;7;2017;27;;;2015.0;468.88671875
-1;61700;RAINFOREST_RESIN;9996;1;9995;26;;;10004;1;10005;26;;;10000.0;1275.0
-1;61800;RAINFOREST_RESIN;9995;20;;;;;10005;20;;;;;10000.0;1275.0
-1;61800;KELP;2015;20;;;;;2018;20;;;;;2016.5;451.58984375
-1;61900;KELP;2014;26;;;;;2017;26;;;;;2015.5;467.03515625
-1;61900;RAINFOREST_RESIN;9995;26;;;;;9998;1;10005;26;;;9996.5;1275.0
-1;62000;RAINFOREST_RESIN;9995;20;;;;;10005;20;;;;;10000.0;1281.0
-1;62000;KELP;2016;1;2014;20;;;2017;20;;;;;2016.5;466.41796875
-1;62100;KELP;2014;25;;;;;2017;25;;;;;2015.5;465.13671875
-1;62100;RAINFOREST_RESIN;9996;2;9995;23;;;10004;2;10005;23;;;10000.0;1281.0
-1;62200;RAINFOREST_RESIN;9995;25;;;;;10002;3;10005;25;;;9998.5;1281.0
-1;62200;KELP;2014;25;;;;;2017;25;;;;;2015.5;468.66015625
-1;62300;KELP;2014;22;;;;;2017;22;;;;;2015.5;465.96875
-1;62300;RAINFOREST_RESIN;9995;22;;;;;10005;22;;;;;10000.0;1281.0
-1;62400;RAINFOREST_RESIN;9996;2;9995;23;;;10004;2;10005;23;;;10000.0;1289.0
-1;62400;KELP;2014;25;;;;;2016;8;2018;25;;;2015.0;455.32421875
-1;62500;KELP;2015;3;2014;23;;;2018;24;;;;;2016.5;454.62890625
-1;62500;RAINFOREST_RESIN;9996;1;9995;23;;;10004;1;10005;23;;;10000.0;1289.0
-1;62600;RAINFOREST_RESIN;9995;29;;;;;10005;29;;;;;10000.0;1289.0
-1;62600;KELP;2015;29;;;;;2018;29;;;;;2016.5;442.80859375
-1;62700;KELP;2015;26;;;;;2018;26;;;;;2016.5;443.83984375
-1;62700;RAINFOREST_RESIN;9996;2;9995;24;;;10004;2;10005;24;;;10000.0;1289.0
-1;62800;RAINFOREST_RESIN;9995;26;;;;;10005;26;;;;;10000.0;1289.0
-1;62800;KELP;2015;25;;;;;2017;1;2019;26;;;2016.0;434.36328125
-1;62900;KELP;2016;29;;;;;2018;1;2019;29;;;2017.0;420.5625
-1;62900;RAINFOREST_RESIN;9996;2;9995;27;;;9998;4;10004;2;10005;27;9997.0;1289.0
-1;63000;RAINFOREST_RESIN;9995;29;;;;;10005;29;;;;;10000.0;1297.0
-1;63000;KELP;2016;29;;;;;2018;4;2019;29;;;2017.0;419.1328125
-1;63100;KELP;2016;25;;;;;2020;26;;;;;2018.0;407.2578125
-1;63100;RAINFOREST_RESIN;9996;2;9995;24;;;10004;2;10005;24;;;10000.0;1297.0
-1;63200;RAINFOREST_RESIN;9995;28;;;;;10005;28;;;;;10000.0;1297.0
-1;63200;KELP;2016;28;;;;;2020;28;;;;;2018.0;406.3359375
-1;63300;KELP;2016;32;;;;;2019;2;2020;30;;;2017.5;409.515625
-1;63300;RAINFOREST_RESIN;9996;2;9995;30;;;10004;2;10005;30;;;10000.0;1297.0
-1;63400;RAINFOREST_RESIN;9996;2;9995;24;;;10004;2;10005;24;;;10000.0;1297.0
-1;63400;KELP;2018;3;2016;26;;;2020;26;;;;;2019.0;407.9375
-1;63500;KELP;2016;22;;;;;2019;20;;;;;2017.5;411.90234375
-1;63500;RAINFOREST_RESIN;9998;8;9995;20;;;10005;20;;;;;10001.5;1297.0
-1;63600;RAINFOREST_RESIN;9995;21;;;;;10005;21;;;;;10000.0;1297.0
-1;63600;KELP;2018;1;2016;21;;;2019;21;;;;;2018.5;414.26171875
-1;63700;KELP;2017;8;2016;30;;;2019;2;2020;28;;;2018.0;409.6796875
-1;63700;RAINFOREST_RESIN;9996;2;9995;28;;;10002;6;10004;2;10005;28;9999.0;1297.0
-1;63800;RAINFOREST_RESIN;9996;1;9995;21;;;10004;1;10005;21;;;10000.0;1297.0
-1;63800;KELP;2016;21;;;;;2018;7;2020;22;;;2017.0;406.83203125
-1;63900;KELP;2016;21;;;;;2018;6;2020;21;;;2017.0;410.92578125
-1;63900;RAINFOREST_RESIN;9995;21;;;;;10005;21;;;;;10000.0;1297.0
-1;64000;RAINFOREST_RESIN;9998;6;9995;30;;;10005;30;;;;;10001.5;1345.0
-1;64000;KELP;2016;30;;;;;2019;30;;;;;2017.5;413.55078125
-1;64100;KELP;2016;27;;;;;2019;27;;;;;2017.5;413.5390625
-1;64100;RAINFOREST_RESIN;9995;27;;;;;10002;6;10005;27;;;9998.5;1345.0
-1;64200;KELP;2015;25;;;;;2018;25;;;;;2016.5;440.83203125
-1;64200;RAINFOREST_RESIN;9996;1;9995;24;;;10004;1;10005;24;;;10000.0;1345.0
-1;64300;RAINFOREST_RESIN;9998;7;9996;1;9995;22;10004;1;10005;22;;;10001.0;1354.0
-1;64300;KELP;2015;23;;;;;2018;23;;;;;2016.5;447.68359375
-1;64400;RAINFOREST_RESIN;9998;8;9996;2;9995;27;10004;2;10005;27;;;10001.0;1354.0
-1;64400;KELP;2015;31;;;;;2018;29;;;;;2016.5;445.93359375
-1;64500;KELP;2015;29;;;;;2017;6;2018;29;;;2016.0;443.390625
-1;64500;RAINFOREST_RESIN;9998;5;9996;2;9995;27;10004;2;10005;27;;;10001.0;1354.0
-1;64600;KELP;2015;26;;;;;2018;26;;;;;2016.5;446.1640625
-1;64600;RAINFOREST_RESIN;9995;26;;;;;10005;26;;;;;10000.0;1354.0
-1;64700;RAINFOREST_RESIN;9995;28;;;;;10005;28;;;;;10000.0;1354.0
-1;64700;KELP;2015;28;;;;;2018;28;;;;;2016.5;454.1875
-1;64800;RAINFOREST_RESIN;9996;2;9995;30;;;10004;2;10005;30;;;10000.0;1354.0
-1;64800;KELP;2015;2;2014;30;;;2018;32;;;;;2016.5;454.77734375
-1;64900;KELP;2015;31;;;;;2017;3;2018;31;;;2016.0;454.1953125
-1;64900;RAINFOREST_RESIN;9996;2;9995;29;;;10004;2;10005;29;;;10000.0;1354.0
-1;65000;KELP;2015;25;;;;;2018;25;;;;;2016.5;445.42578125
-1;65000;RAINFOREST_RESIN;9995;25;;;;;9998;1;10005;25;;;9996.5;1354.0
-1;65100;RAINFOREST_RESIN;9996;2;9995;23;;;10004;2;10005;23;;;10000.0;1356.0
-1;65100;KELP;2015;25;;;;;2018;25;;;;;2016.5;448.38671875
-1;65200;RAINFOREST_RESIN;9998;8;9995;29;;;10005;29;;;;;10001.5;1365.0
-1;65200;KELP;2017;1;2015;29;;;2019;29;;;;;2018.0;434.09375
-1;65300;KELP;2015;21;;;;;2017;2;2018;21;;;2016.0;443.390625
-1;65300;RAINFOREST_RESIN;9995;21;;;;;10002;3;10005;21;;;9998.5;1365.0
-1;65400;KELP;2015;28;;;;;2016;3;2018;28;;;2015.5;440.66796875
-1;65400;RAINFOREST_RESIN;9996;2;9995;26;;;10000;3;10004;2;10005;26;9998.0;1365.0
-1;65500;RAINFOREST_RESIN;9996;2;9995;27;;;10004;2;10005;27;;;10000.0;1365.0
-1;65500;KELP;2015;36;;;;;2018;29;;;;;2016.5;447.76953125
-1;65600;RAINFOREST_RESIN;9998;5;9995;20;;;10005;20;;;;;10001.5;1365.0
-1;65600;KELP;2015;20;;;;;2019;20;;;;;2017.0;440.0546875
-1;65700;KELP;2014;29;;;;;2018;29;;;;;2016.0;456.2578125
-1;65700;RAINFOREST_RESIN;9995;29;;;;;10005;29;;;;;10000.0;1365.0
-1;65800;KELP;2015;20;;;;;2017;7;2018;20;;;2016.0;454.0234375
-1;65800;RAINFOREST_RESIN;9998;9;9995;20;;;10005;20;;;;;10001.5;1365.0
-1;65900;RAINFOREST_RESIN;9996;1;9995;23;;;10004;1;10005;23;;;10000.0;1365.0
-1;65900;KELP;2015;29;;;;;2018;24;;;;;2016.5;449.3046875
-1;66000;RAINFOREST_RESIN;9998;4;9996;2;9995;22;10004;2;10005;22;;;10001.0;1365.0
-1;66000;KELP;2015;24;;;;;2018;24;;;;;2016.5;448.79296875
-1;66100;KELP;2015;27;;;;;2018;27;;;;;2016.5;446.1328125
-1;66100;RAINFOREST_RESIN;9996;1;9995;26;;;9998;1;10004;1;10005;26;9997.0;1365.0
-1;66200;KELP;2016;5;2015;20;;;2019;20;;;;;2017.5;436.3203125
-1;66200;RAINFOREST_RESIN;10002;1;10000;5;9995;20;10005;20;;;;;10003.5;1367.0
-1;66300;RAINFOREST_RESIN;9996;1;9995;24;;;10004;1;10005;24;;;10000.0;1369.0
-1;66300;KELP;2018;1;2016;2;2015;25;2019;25;;;;;2018.5;434.1328125
-1;66400;RAINFOREST_RESIN;9995;21;;;;;9998;3;10005;21;;;9996.5;1369.0
-1;66400;KELP;2015;21;;;;;2019;21;;;;;2017.0;432.8125
-1;66500;KELP;2015;22;;;;;2019;22;;;;;2017.0;434.3359375
-1;66500;RAINFOREST_RESIN;9996;2;9995;20;;;10004;2;10005;20;;;10000.0;1375.0
-1;66600;KELP;2015;22;;;;;2017;3;2019;22;;;2016.0;440.140625
-1;66600;RAINFOREST_RESIN;9995;22;;;;;10005;22;;;;;10000.0;1375.0
-1;66700;RAINFOREST_RESIN;9998;9;9995;27;;;10005;27;;;;;10001.5;1375.0
-1;66700;KELP;2014;27;;;;;2018;27;;;;;2016.0;462.33203125
-1;66800;RAINFOREST_RESIN;9995;30;;;;;10005;30;;;;;10000.0;1375.0
-1;66800;KELP;2014;30;;;;;2018;30;;;;;2016.0;459.8671875
-1;66900;KELP;2017;1;2015;4;2014;23;2018;23;;;;;2017.5;458.60546875
-1;66900;RAINFOREST_RESIN;9998;4;9995;23;;;10005;23;;;;;10001.5;1375.0
-1;67000;KELP;2015;25;;;;;2018;25;;;;;2016.5;454.96484375
-1;67000;RAINFOREST_RESIN;9996;1;9995;24;;;10004;1;10005;24;;;10000.0;1375.0
-1;67100;RAINFOREST_RESIN;9995;23;;;;;10005;23;;;;;10000.0;1375.0
-1;67100;KELP;2015;23;;;;;2018;23;;;;;2016.5;456.82421875
-1;67200;RAINFOREST_RESIN;9996;2;9995;20;;;10002;3;10004;2;10005;20;9999.0;1375.0
-1;67200;KELP;2015;21;;;;;2018;22;;;;;2016.5;456.8046875
-1;67300;KELP;2015;31;;;;;2018;30;;;;;2016.5;454.9765625
-1;67300;RAINFOREST_RESIN;9995;30;;;;;9998;3;10005;30;;;9996.5;1375.0
-1;67400;KELP;2015;26;;;;;2018;26;;;;;2016.5;444.6953125
-1;67400;RAINFOREST_RESIN;9998;4;9996;1;9995;25;10004;1;10005;25;;;10001.0;1381.0
-1;67500;RAINFOREST_RESIN;9995;21;;;;;10005;21;;;;;10000.0;1381.0
-1;67500;KELP;2015;20;;;;;2018;21;;;;;2016.5;447.515625
-1;67600;RAINFOREST_RESIN;9996;2;9995;25;;;10004;2;10005;25;;;10000.0;1381.0
-1;67600;KELP;2015;27;;;;;2018;27;;;;;2016.5;449.3359375
-1;67700;KELP;2015;33;;;;;2018;30;;;;;2016.5;449.7578125
-1;67700;RAINFOREST_RESIN;9996;1;9995;29;;;10004;1;10005;29;;;10000.0;1381.0
-1;67800;KELP;2015;38;;;;;2018;30;;;;;2016.5;466.203125
-1;67800;RAINFOREST_RESIN;9998;3;9995;30;;;10005;30;;;;;10001.5;1381.0
-1;67900;RAINFOREST_RESIN;9995;25;;;;;10005;25;;;;;10000.0;1381.0
-1;67900;KELP;2015;25;;;;;2018;25;;;;;2016.5;451.4921875
-1;68000;RAINFOREST_RESIN;9996;2;9995;21;;;10004;2;10005;21;;;10000.0;1381.0
-1;68000;KELP;2015;23;;;;;2018;23;;;;;2016.5;449.5703125
-1;68100;KELP;2015;31;;;;;2017;4;2018;31;;;2016.0;474.0078125
-1;68100;RAINFOREST_RESIN;9996;2;9995;29;;;10004;2;10005;29;;;10000.0;1381.0
-1;68200;KELP;2017;1;2015;31;;;2018;31;;;;;2017.5;464.4921875
-1;68200;RAINFOREST_RESIN;9996;2;9995;29;;;10004;2;10005;29;;;10000.0;1381.0
-1;68300;RAINFOREST_RESIN;9996;1;9995;28;;;10004;1;10005;28;;;10000.0;1381.0
-1;68300;KELP;2017;1;2015;29;;;2018;29;;;;;2017.5;469.859375
-1;68400;RAINFOREST_RESIN;9996;2;9995;26;;;10004;2;10005;26;;;10000.0;1381.0
-1;68400;KELP;2015;28;;;;;2018;28;;;;;2016.5;463.9609375
-1;68500;KELP;2015;23;;;;;2018;23;;;;;2016.5;460.28125
-1;68500;RAINFOREST_RESIN;9995;23;;;;;10002;5;10005;23;;;9998.5;1381.0
-1;68600;KELP;2015;24;;;;;2018;25;;;;;2016.5;461.828125
-1;68600;RAINFOREST_RESIN;9996;1;9995;24;;;10004;1;10005;24;;;10000.0;1381.0
-1;68700;RAINFOREST_RESIN;9996;1;9995;27;;;10004;1;10005;27;;;10000.0;1381.0
-1;68700;KELP;2015;28;;;;;2018;28;;;;;2016.5;454.546875
-1;68800;RAINFOREST_RESIN;9995;22;;;;;9998;1;10005;22;;;9996.5;1381.0
-1;68800;KELP;2015;22;;;;;2018;22;;;;;2016.5;459.8515625
-1;68900;KELP;2017;1;2015;28;;;2018;28;;;;;2017.5;476.921875
-1;68900;RAINFOREST_RESIN;9996;1;9995;27;;;10004;1;10005;27;;;10000.0;1383.0
-1;69000;KELP;2015;30;;;;;2018;30;;;;;2016.5;458.3671875
-1;69000;RAINFOREST_RESIN;9996;2;9995;28;;;10004;2;10005;28;;;10000.0;1383.0
-1;69100;RAINFOREST_RESIN;9998;9;9996;1;9995;30;10004;1;10005;30;;;10001.0;1383.0
-1;69100;KELP;2015;30;;;;;2018;31;;;;;2016.5;466.8828125
-1;69200;RAINFOREST_RESIN;9996;2;9995;28;;;10004;2;10005;28;;;10000.0;1383.0
-1;69200;KELP;2017;3;2015;30;;;2018;30;;;;;2017.5;468.6171875
-1;69300;KELP;2017;1;2015;21;;;2018;21;;;;;2017.5;472.796875
-1;69300;RAINFOREST_RESIN;9995;21;;;;;9998;1;10005;21;;;9996.5;1383.0
-1;69400;KELP;2015;26;;;;;2018;26;;;;;2016.5;471.5
-1;69400;RAINFOREST_RESIN;10002;1;9998;2;9996;1;10004;1;10005;25;;;10003.0;1385.0
-1;69500;RAINFOREST_RESIN;9998;1;9996;2;9995;24;10004;2;10005;24;;;10001.0;1387.0
-1;69500;KELP;2015;32;;;;;2018;26;;;;;2016.5;469.609375
-1;69600;RAINFOREST_RESIN;9995;23;;;;;10005;23;;;;;10000.0;1387.0
-1;69600;KELP;2015;22;;;;;2018;23;;;;;2016.5;470.109375
-1;69700;KELP;2015;21;;;;;2018;21;;;;;2016.5;470.0625
-1;69700;RAINFOREST_RESIN;10002;1;9996;1;9995;20;10004;1;10005;20;;;10003.0;1387.0
-1;69800;KELP;2015;24;;;;;2018;24;;;;;2016.5;458.984375
-1;69800;RAINFOREST_RESIN;9996;1;9995;23;;;10004;1;10005;23;;;10000.0;1393.0
-1;69900;RAINFOREST_RESIN;9996;2;9995;27;;;10004;2;10005;27;;;10000.0;1393.0
-1;69900;KELP;2015;29;;;;;2018;29;;;;;2016.5;460.4609375
-1;70000;RAINFOREST_RESIN;9996;2;9995;27;;;10004;2;10005;27;;;10000.0;1393.0
-1;70000;KELP;2015;29;;;;;2018;29;;;;;2016.5;466.6328125
-1;70100;KELP;2015;23;;;;;2018;2;2019;22;;;2016.5;451.5703125
-1;70100;RAINFOREST_RESIN;9996;2;9995;22;;;10004;2;10005;22;;;10000.0;1393.0
-1;70200;KELP;2015;22;;;;;2018;22;;;;;2016.5;460.78125
-1;70200;RAINFOREST_RESIN;9996;1;9995;21;;;10004;1;10005;21;;;10000.0;1393.0
-1;70300;RAINFOREST_RESIN;9996;1;9995;25;;;9998;2;10004;1;10005;25;9997.0;1393.0
-1;70300;KELP;2015;26;;;;;2018;26;;;;;2016.5;473.140625
-1;70400;RAINFOREST_RESIN;9995;26;;;;;10005;26;;;;;10000.0;1397.0
-1;70400;KELP;2015;26;;;;;2017;6;2018;26;;;2016.0;480.4765625
-1;70500;KELP;2015;23;;;;;2016;3;2017;3;2018;23;2015.5;471.0625
-1;70500;RAINFOREST_RESIN;9995;23;;;;;10000;3;10005;23;;;9997.5;1397.0
-1;70600;RAINFOREST_RESIN;9996;1;9995;27;;;10004;1;10005;27;;;10000.0;1397.0
-1;70600;KELP;2015;34;;;;;2018;28;;;;;2016.5;458.1953125
-1;70700;KELP;2015;26;;;;;2018;26;;;;;2016.5;476.0625
-1;70700;RAINFOREST_RESIN;9995;26;;;;;10005;26;;;;;10000.0;1403.0
-1;70800;RAINFOREST_RESIN;10002;1;9995;27;;;10005;27;;;;;10003.5;1403.0
-1;70800;KELP;2015;26;;;;;2018;27;;;;;2016.5;470.3515625
-1;70900;KELP;2015;32;;;;;2018;32;;;;;2016.5;469.484375
-1;70900;RAINFOREST_RESIN;9996;2;9995;30;;;10004;2;10005;30;;;10000.0;1405.0
-1;71000;RAINFOREST_RESIN;9996;1;9995;29;;;10002;5;10004;1;10005;29;9999.0;1405.0
-1;71000;KELP;2015;30;;;;;2018;30;;;;;2016.5;471.171875
-1;71100;KELP;2015;22;;;;;2018;22;;;;;2016.5;469.9609375
-1;71100;RAINFOREST_RESIN;9998;9;9996;1;9995;21;10004;1;10005;21;;;10001.0;1405.0
-1;71200;RAINFOREST_RESIN;10002;1;9996;1;9995;28;10004;1;10005;28;;;10003.0;1405.0
-1;71200;KELP;2015;28;;;;;2018;29;;;;;2016.5;471.2890625
-1;71300;KELP;2015;28;;;;;2017;4;2018;28;;;2016.0;478.1328125
-1;71300;RAINFOREST_RESIN;9996;2;9995;26;;;10002;4;10004;2;10005;26;9999.0;1407.0
-1;71400;RAINFOREST_RESIN;9996;2;9995;24;;;10002;3;10004;2;10005;24;9999.0;1407.0
-1;71400;KELP;2015;26;;;;;2018;26;;;;;2016.5;480.296875
-1;71500;KELP;2015;25;;;;;2018;28;;;;;2016.5;466.9140625
-1;71500;RAINFOREST_RESIN;10002;1;9996;2;9995;26;10004;2;10005;26;;;10003.0;1407.0
-1;71600;RAINFOREST_RESIN;9996;1;9995;27;;;9998;3;10004;1;10005;27;9997.0;1409.0
-1;71600;KELP;2014;28;;;;;2018;28;;;;;2016.0;490.84375
-1;71700;KELP;2014;31;;;;;2016;4;2018;31;;;2015.0;490.0
-1;71700;RAINFOREST_RESIN;9996;2;9995;29;;;10004;2;10005;29;;;10000.0;1415.0
-1;71800;RAINFOREST_RESIN;10002;1;9996;2;9995;25;10004;2;10005;25;;;10003.0;1415.0
-1;71800;KELP;2014;27;;;;;2018;27;;;;;2016.0;497.8828125
-1;71900;KELP;2014;26;;;;;2018;26;;;;;2016.0;502.328125
-1;71900;RAINFOREST_RESIN;10002;1;9996;1;9995;25;10004;1;10005;25;;;10003.0;1417.0
-1;72000;RAINFOREST_RESIN;9996;1;9995;20;;;10004;1;10005;20;;;10000.0;1419.0
-1;72000;KELP;2015;21;;;;;2017;6;2018;21;;;2016.0;483.1875
-1;72100;KELP;2014;21;;;;;2016;5;2018;21;;;2015.0;496.921875
-1;72100;RAINFOREST_RESIN;9995;21;;;;;10005;21;;;;;10000.0;1419.0
-1;72200;RAINFOREST_RESIN;9996;2;9995;29;;;10004;2;10005;29;;;10000.0;1419.0
-1;72200;KELP;2016;3;2014;31;;;2018;31;;;;;2017.0;502.1328125
-1;72300;KELP;2014;23;;;;;2018;23;;;;;2016.0;496.3046875
-1;72300;RAINFOREST_RESIN;9996;1;9995;22;;;10002;8;10004;1;10005;22;9999.0;1419.0
-1;72400;RAINFOREST_RESIN;10002;1;9996;2;9995;20;10004;2;10005;20;;;10003.0;1419.0
-1;72400;KELP;2014;22;;;;;2016;6;2018;22;;;2015.0;500.546875
-1;72500;KELP;2014;34;;;;;2017;27;;;;;2015.5;511.46875
-1;72500;RAINFOREST_RESIN;9996;2;9995;25;;;10004;2;10005;25;;;10000.0;1421.0
-1;72600;RAINFOREST_RESIN;9996;2;9995;27;;;10004;2;10005;27;;;10000.0;1424.0
-1;72600;KELP;2014;35;;;;;2015;4;2017;29;;;2014.5;507.9140625
-1;72700;KELP;2014;23;;;;;2017;23;;;;;2015.5;513.64453125
-1;72700;RAINFOREST_RESIN;9995;23;;;;;10005;23;;;;;10000.0;1424.0
-1;72800;RAINFOREST_RESIN;9995;20;;;;;10005;20;;;;;10000.0;1424.0
-1;72800;KELP;2014;20;;;;;2017;20;;;;;2015.5;512.75
-1;72900;KELP;2014;24;;;;;2017;24;;;;;2015.5;513.84765625
-1;72900;RAINFOREST_RESIN;9998;1;9996;2;9995;22;10004;2;10005;22;;;10001.0;1424.0
-1;73000;RAINFOREST_RESIN;9996;1;9995;21;;;10002;7;10004;1;10005;21;9999.0;1427.0
-1;73000;KELP;2014;21;;;;;2016;2;2017;22;;;2015.0;514.01953125
-1;73100;KELP;2014;31;;;;;2017;31;;;;;2015.5;519.19140625
-1;73100;RAINFOREST_RESIN;9996;2;9995;29;;;10002;3;10004;2;10005;29;9999.0;1427.0
-1;73200;KELP;2014;21;;;;;2017;21;;;;;2015.5;522.7421875
-1;73200;RAINFOREST_RESIN;9995;21;;;;;10005;21;;;;;10000.0;1427.0
-1;73300;RAINFOREST_RESIN;9996;1;9995;29;;;10004;1;10005;29;;;10000.0;1427.0
-1;73300;KELP;2014;30;;;;;2017;30;;;;;2015.5;526.203125
-1;73400;RAINFOREST_RESIN;9995;30;;;;;9998;1;10005;30;;;9996.5;1427.0
-1;73400;KELP;2014;30;;;;;2016;4;2017;30;;;2015.0;523.3984375
-1;73500;KELP;2014;25;;;;;2017;25;;;;;2015.5;521.2109375
-1;73500;RAINFOREST_RESIN;9996;2;9995;23;;;10004;2;10005;23;;;10000.0;1429.0
-1;73600;KELP;2014;25;;;;;2017;25;;;;;2015.5;520.56640625
-1;73600;RAINFOREST_RESIN;9996;1;9995;24;;;10004;1;10005;24;;;10000.0;1429.0
-1;73700;RAINFOREST_RESIN;9995;24;;;;;10005;24;;;;;10000.0;1429.0
-1;73700;KELP;2014;24;;;;;2017;24;;;;;2015.5;511.09765625
-1;73800;RAINFOREST_RESIN;9995;24;;;;;10005;24;;;;;10000.0;1429.0
-1;73800;KELP;2014;24;;;;;2016;5;2018;24;;;2015.0;501.07421875
-1;73900;KELP;2015;27;;;;;2018;30;;;;;2016.5;482.16015625
-1;73900;RAINFOREST_RESIN;9995;30;;;;;10005;30;;;;;10000.0;1429.0
-1;74000;KELP;2015;26;;;;;2017;3;2018;26;;;2016.0;493.38671875
-1;74000;RAINFOREST_RESIN;10002;1;9998;10;9996;2;10004;2;10005;24;;;10003.0;1429.0
-1;74100;RAINFOREST_RESIN;10000;6;9996;2;9995;30;10004;2;10005;30;;;10002.0;1431.0
-1;74100;KELP;2016;6;2015;32;;;2018;32;;;;;2017.0;493.14453125
-1;74200;RAINFOREST_RESIN;9996;2;9995;20;;;10002;6;10004;2;10005;20;9999.0;1431.0
-1;74200;KELP;2015;22;;;;;2018;22;;;;;2016.5;491.125
-1;74300;KELP;2015;5;2014;32;;;2018;32;;;;;2016.5;504.9140625
-1;74300;RAINFOREST_RESIN;9996;2;9995;30;;;10002;6;10004;2;10005;30;9999.0;1431.0
-1;74400;KELP;2015;30;;;;;2018;30;;;;;2016.5;491.33203125
-1;74400;RAINFOREST_RESIN;9995;30;;;;;10005;30;;;;;10000.0;1431.0
-1;74500;RAINFOREST_RESIN;10000;3;9995;29;;;10005;29;;;;;10002.5;1431.0
