day;timestamp;product;bid_price_1;bid_volume_1;bid_price_2;bid_volume_2;bid_price_3;bid_volume_3;ask_price_1;ask_volume_1;ask_price_2;ask_volume_2;ask_price_3;ask_volume_3;mid_price;profit_and_loss
-1;0;CROISSANTS;4304.0;112.0;;;;;4305;112;;;;;4304.5;0.0
-1;100;CROISSANTS;4304.0;133.0;;;;;4305;133;;;;;4304.5;0.0
-1;200;CROISSANTS;4304.0;110.0;;;;;4305;110;;;;;4304.5;0.0
-1;300;CROISSANTS;4304.0;118.0;;;;;4305;118;;;;;4304.5;0.0
-1;400;CROISSANTS;4305.0;142.0;;;;;4306;142;;;;;4305.5;0.0
-1;500;CROISSANTS;4305.0;135.0;;;;;4306;135;;;;;4305.5;0.0
-1;600;CROISSANTS;4305.0;126.0;;;;;4306;126;;;;;4305.5;0.0
-1;700;CROISSANTS;4305.0;109.0;;;;;4306;41;4307.0;68.0;;;4306.0;0.0
-1;800;CROISSANTS;4305.0;107.0;;;;;4306;35;4307.0;72.0;;;4306.0;0.0
-1;900;CROISSANTS;4306.0;46.0;4305.0;80.0;;;4307;126;;;;;4306.0;0.0
-1;1000;CROISSANTS;4306.0;164.0;;;;;4307;164;;;;;4306.5;0.0
-1;1100;CROISSANTS;4305.0;145.0;;;;;4306;145;;;;;4305.5;0.0
-1;1200;CROISSANTS;4305.0;116.0;;;;;4306;116;;;;;4305.5;0.0
-1;1300;CROISSANTS;4305.0;98.0;;;;;4306;98;;;;;4305.5;0.0
-1;1400;CROISSANTS;4306.0;47.0;4305.0;96.0;;;4307;143;;;;;4306.0;0.0
-1;1500;CROISSANTS;4306.0;35.0;4305.0;76.0;;;4307;111;;;;;4306.0;0.0
-1;1600;CROISSANTS;4305.0;124.0;;;;;4306;60;4307.0;64.0;;;4306.0;0.0
-1;1700;CROISSANTS;4305.0;54.0;4304.0;100.0;;;4306;154;;;;;4305.0;0.0
-1;1800;CROISSANTS;4305.0;57.0;4304.0;83.0;;;4306;140;;;;;4305.0;0.0
-1;1900;CROISSANTS;4304.0;119.0;;;;;4305;59;4306.0;60.0;;;4305.0;0.0
-1;2000;CROISSANTS;4304.0;117.0;;;;;4305;117;;;;;4304.5;0.0
-1;2100;CROISSANTS;4303.0;118.0;;;;;4304;61;4305.0;57.0;;;4303.5;0.0
-1;2200;CROISSANTS;4303.0;107.0;;;;;4304;43;4305.0;64.0;;;4304.0;0.0
-1;2300;CROISSANTS;4304.0;144.0;;;;;4305;144;;;;;4304.5;0.0
-1;2400;CROISSANTS;4304.0;127.0;;;;;4305;41;4306.0;86.0;;;4305.0;0.0
-1;2500;CROISSANTS;4304.0;138.0;;;;;4305;54;4306.0;84.0;;;4305.0;0.0
-1;2600;CROISSANTS;4304.0;109.0;;;;;4306;109;;;;;4305.0;0.0
-1;2700;CROISSANTS;4304.0;121.0;;;;;4306;130;;;;;4305.0;0.0
-1;2800;CROISSANTS;4304.0;112.0;;;;;4305;53;4306.0;59.0;;;4305.0;0.0
-1;2900;CROISSANTS;4304.0;98.0;;;;;4305;98;;;;;4304.5;0.0
-1;3000;CROISSANTS;4304.0;130.0;;;;;4305;40;4306.0;90.0;;;4305.0;0.0
-1;3100;CROISSANTS;4304.0;115.0;;;;;4306;115;;;;;4305.0;0.0
-1;3200;CROISSANTS;4304.0;106.0;;;;;4305;52;4306.0;54.0;;;4305.0;0.0
-1;3300;CROISSANTS;4304.0;137.0;;;;;4305;50;4306.0;87.0;;;4305.0;0.0
-1;3400;CROISSANTS;4304.0;128.0;;;;;4305;119;;;;;4304.5;0.0
-1;3500;CROISSANTS;4305.0;145.0;;;;;4306;145;;;;;4305.5;0.0
-1;3600;CROISSANTS;4305.0;132.0;;;;;4307;132;;;;;4306.0;0.0
-1;3700;CROISSANTS;4306.0;41.0;4305.0;86.0;;;4307;127;;;;;4306.0;0.0
-1;3800;CROISSANTS;4306.0;45.0;4305.0;53.0;;;4307;98;;;;;4306.0;0.0
-1;3900;CROISSANTS;4306.0;107.0;;;;;4307;107;;;;;4306.5;0.0
-1;4000;CROISSANTS;4306.0;106.0;;;;;4307;106;;;;;4306.5;0.0
-1;4100;CROISSANTS;4306.0;89.0;;;;;4307;39;4308.0;50.0;;;4307.0;0.0
-1;4200;CROISSANTS;4306.0;117.0;;;;;4307;39;4308.0;78.0;;;4307.0;0.0
-1;4300;CROISSANTS;4306.0;137.0;;;;;4307;62;4308.0;75.0;;;4307.0;0.0
-1;4400;CROISSANTS;4306.0;141.0;;;;;4307;141;;;;;4306.5;0.0
-1;4500;CROISSANTS;4305.0;101.0;;;;;4306;44;4307.0;57.0;;;4306.0;0.0
-1;4600;CROISSANTS;4305.0;100.0;;;;;4306;35;4307.0;65.0;;;4306.0;0.0
-1;4700;CROISSANTS;4305.0;156.0;;;;;4307;156;;;;;4306.0;0.0
-1;4800;CROISSANTS;4306.0;53.0;4305.0;79.0;;;4307;132;;;;;4306.0;0.0
-1;4900;CROISSANTS;4305.0;162.0;;;;;4306;8;4307.0;162.0;;;4306.0;0.0
-1;5000;CROISSANTS;4306.0;95.0;;;;;4307;95;;;;;4306.5;0.0
-1;5100;CROISSANTS;4306.0;102.0;;;;;4307;102;;;;;4306.5;0.0
-1;5200;CROISSANTS;4306.0;59.0;4305.0;85.0;;;4307;144;;;;;4306.0;0.0
-1;5300;CROISSANTS;4306.0;41.0;4305.0;53.0;;;4307;94;;;;;4306.0;0.0
-1;5400;CROISSANTS;4305.0;128.0;;;;;4307;128;;;;;4306.0;0.0
-1;5500;CROISSANTS;4305.0;143.0;;;;;4307;143;;;;;4306.0;0.0
-1;5600;CROISSANTS;4306.0;7.0;4305.0;115.0;;;4307;115;;;;;4306.0;0.0
-1;5700;CROISSANTS;4306.0;51.0;4305.0;76.0;;;4307;127;;;;;4306.0;0.0
-1;5800;CROISSANTS;4306.0;106.0;;;;;4307;106;;;;;4306.5;0.0
-1;5900;CROISSANTS;4306.0;122.0;;;;;4307;128;;;;;4306.5;0.0
-1;6000;CROISSANTS;4307.0;160.0;;;;;4308;64;4309.0;96.0;;;4308.0;0.0
-1;6100;CROISSANTS;4307.0;117.0;;;;;4309;117;;;;;4308.0;0.0
-1;6200;CROISSANTS;4308.0;108.0;;;;;4309;108;;;;;4308.5;0.0
-1;6300;CROISSANTS;4308.0;135.0;;;;;4309;50;4310.0;85.0;;;4309.0;0.0
-1;6400;CROISSANTS;4308.0;147.0;;;;;4309;47;4310.0;100.0;;;4309.0;0.0
-1;6500;CROISSANTS;4308.0;122.0;;;;;4309;122;;;;;4308.5;0.0
-1;6600;CROISSANTS;4308.0;114.0;;;;;4309;114;;;;;4308.5;0.0
-1;6700;CROISSANTS;4308.0;115.0;;;;;4309;115;;;;;4308.5;0.0
-1;6800;CROISSANTS;4308.0;97.0;;;;;4309;36;4310.0;61.0;;;4309.0;0.0
-1;6900;CROISSANTS;4308.0;139.0;;;;;4309;139;;;;;4308.5;0.0
-1;7000;CROISSANTS;4308.0;161.0;;;;;4309;63;4310.0;98.0;;;4309.0;0.0
-1;7100;CROISSANTS;4308.0;108.0;;;;;4310;108;;;;;4309.0;0.0
-1;7200;CROISSANTS;4308.0;122.0;;;;;4310;122;;;;;4309.0;0.0
-1;7300;CROISSANTS;4309.0;36.0;4308.0;68.0;;;4310;104;;;;;4309.0;0.0
-1;7400;CROISSANTS;4309.0;115.0;;;;;4310;115;;;;;4309.5;0.0
-1;7500;CROISSANTS;4309.0;121.0;;;;;4310;121;;;;;4309.5;0.0
-1;7600;CROISSANTS;4309.0;109.0;;;;;4310;109;;;;;4309.5;0.0
-1;7700;CROISSANTS;4309.0;37.0;4308.0;100.0;;;4310;137;;;;;4309.0;0.0
-1;7800;CROISSANTS;4308.0;135.0;;;;;4310;135;;;;;4309.0;0.0
-1;7900;CROISSANTS;4308.0;133.0;;;;;4310;133;;;;;4309.0;0.0
-1;8000;CROISSANTS;4308.0;137.0;;;;;4309;137;;;;;4308.5;0.0
-1;8100;CROISSANTS;4305.0;107.0;;;;;4306;107;;;;;4305.5;0.0
-1;8200;CROISSANTS;4304.0;148.0;;;;;4306;148;;;;;4305.0;0.0
-1;8300;CROISSANTS;4304.0;44.0;4303.0;79.0;;;4305;123;;;;;4304.0;0.0
-1;8400;CROISSANTS;4303.0;142.0;;;;;4305;142;;;;;4304.0;0.0
-1;8500;CROISSANTS;4303.0;95.0;;;;;4304;40;4305.0;55.0;;;4304.0;0.0
-1;8600;CROISSANTS;4303.0;63.0;4302.0;84.0;;;4304;147;;;;;4303.0;0.0
-1;8700;CROISSANTS;4303.0;133.0;;;;;4304;133;;;;;4303.5;0.0
-1;8800;CROISSANTS;4303.0;159.0;;;;;4305;159;;;;;4304.0;0.0
-1;8900;CROISSANTS;4303.0;107.0;;;;;4304;57;4305.0;50.0;;;4303.5;0.0
-1;9000;CROISSANTS;4303.0;106.0;;;;;4304;41;4305.0;65.0;;;4304.0;0.0
-1;9100;CROISSANTS;4303.0;141.0;;;;;4304;52;4305.0;89.0;;;4304.0;0.0
-1;9200;CROISSANTS;4303.0;58.0;4302.0;98.0;;;4304;161;;;;;4303.0;0.0
-1;9300;CROISSANTS;4303.0;125.0;;;;;4304;125;;;;;4303.5;0.0
-1;9400;CROISSANTS;4303.0;118.0;;;;;4304;118;;;;;4303.5;0.0
-1;9500;CROISSANTS;4303.0;53.0;4302.0;64.0;;;4304;117;;;;;4303.0;0.0
-1;9600;CROISSANTS;4303.0;58.0;4302.0;75.0;;;4304;133;;;;;4303.0;0.0
-1;9700;CROISSANTS;4303.0;122.0;;;;;4304;122;;;;;4303.5;0.0
-1;9800;CROISSANTS;4303.0;120.0;;;;;4304;120;;;;;4303.5;0.0
-1;9900;CROISSANTS;4303.0;92.0;;;;;4304;92;;;;;4303.5;0.0
-1;10000;CROISSANTS;4303.0;119.0;;;;;4304;119;;;;;4303.5;0.0
-1;10100;CROISSANTS;4303.0;131.0;;;;;4304;131;;;;;4303.5;0.0
-1;10200;CROISSANTS;4303.0;117.0;;;;;4304;117;;;;;4303.5;0.0
-1;10300;CROISSANTS;4302.0;92.0;;;;;4303;42;4304.0;50.0;;;4303.0;0.0
-1;10400;CROISSANTS;4302.0;120.0;;;;;4303;45;4304.0;75.0;;;4303.0;0.0
-1;10500;CROISSANTS;4302.0;136.0;;;;;4304;136;;;;;4303.0;0.0
-1;10600;CROISSANTS;4302.0;100.0;;;;;4304;100;;;;;4303.0;0.0
-1;10700;CROISSANTS;4302.0;156.0;;;;;4304;156;;;;;4303.0;0.0
-1;10800;CROISSANTS;4302.0;115.0;;;;;4304;115;;;;;4303.0;0.0
-1;10900;CROISSANTS;4302.0;126.0;;;;;4303;59;4304.0;67.0;;;4303.0;0.0
-1;11000;CROISSANTS;4302.0;137.0;;;;;4304;137;;;;;4303.0;0.0
-1;11100;CROISSANTS;4302.0;137.0;;;;;4304;137;;;;;4303.0;0.0
-1;11200;CROISSANTS;4302.0;112.0;;;;;4303;53;4304.0;53.0;;;4302.5;0.0
-1;11300;CROISSANTS;4302.0;117.0;;;;;4303;48;4304.0;69.0;;;4303.0;0.0
-1;11400;CROISSANTS;4302.0;115.0;;;;;4304;115;;;;;4303.0;0.0
-1;11500;CROISSANTS;4302.0;126.0;;;;;4304;126;;;;;4303.0;0.0
-1;11600;CROISSANTS;4303.0;125.0;;;;;4304;125;;;;;4303.5;0.0
-1;11700;CROISSANTS;4303.0;155.0;;;;;4304;147;;;;;4303.5;0.0
-1;11800;CROISSANTS;4303.0;128.0;;;;;4304;128;;;;;4303.5;0.0
-1;11900;CROISSANTS;4303.0;126.0;;;;;4304;41;4305.0;85.0;;;4304.0;0.0
-1;12000;CROISSANTS;4303.0;156.0;;;;;4304;56;4305.0;100.0;;;4304.0;0.0
-1;12100;CROISSANTS;4303.0;103.0;;;;;4304;103;;;;;4303.5;0.0
-1;12200;CROISSANTS;4303.0;119.0;;;;;4304;114;;;;;4303.5;0.0
-1;12300;CROISSANTS;4303.0;48.0;4302.0;98.0;;;4304;146;;;;;4303.0;0.0
-1;12400;CROISSANTS;4303.0;138.0;;;;;4304;138;;;;;4303.5;0.0
-1;12500;CROISSANTS;4303.0;36.0;4302.0;74.0;;;4304;110;;;;;4303.0;0.0
-1;12600;CROISSANTS;4303.0;127.0;;;;;4304;127;;;;;4303.5;0.0
-1;12700;CROISSANTS;4303.0;110.0;;;;;4304;110;;;;;4303.5;0.0
-1;12800;CROISSANTS;4304.0;44.0;4303.0;98.0;;;4305;142;;;;;4304.0;0.0
-1;12900;CROISSANTS;4304.0;126.0;;;;;4305;53;4306.0;66.0;;;4305.0;0.0
-1;13000;CROISSANTS;4304.0;137.0;;;;;4305;59;4306.0;78.0;;;4305.0;0.0
-1;13100;CROISSANTS;4304.0;140.0;;;;;4305;140;;;;;4304.5;0.0
-1;13200;CROISSANTS;4304.0;111.0;;;;;4305;111;;;;;4304.5;0.0
-1;13300;CROISSANTS;4304.0;136.0;;;;;4305;136;;;;;4304.5;0.0
-1;13400;CROISSANTS;4304.0;113.0;;;;;4305;113;;;;;4304.5;0.0
-1;13500;CROISSANTS;4304.0;112.0;;;;;4305;48;4306.0;64.0;;;4305.0;0.0
-1;13600;CROISSANTS;4304.0;90.0;;;;;4306;90;;;;;4305.0;0.0
-1;13700;CROISSANTS;4305.0;63.0;4304.0;69.0;;;4306;132;;;;;4305.0;0.0
-1;13800;CROISSANTS;4305.0;36.0;4304.0;99.0;;;4306;135;;;;;4305.0;0.0
-1;13900;CROISSANTS;4305.0;144.0;;;;;4306;144;;;;;4305.5;0.0
-1;14000;CROISSANTS;4305.0;102.0;;;;;4306;48;4307.0;54.0;;;4306.0;0.0
-1;14100;CROISSANTS;4306.0;112.0;;;;;4307;46;4308.0;66.0;;;4307.0;0.0
-1;14200;CROISSANTS;4306.0;96.0;;;;;4307;37;4308.0;59.0;;;4307.0;0.0
-1;14300;CROISSANTS;4306.0;104.0;;;;;4307;48;4308.0;56.0;;;4307.0;0.0
-1;14400;CROISSANTS;4306.0;108.0;;;;;4308;108;;;;;4307.0;0.0
-1;14500;CROISSANTS;4306.0;109.0;;;;;4308;109;;;;;4307.0;0.0
-1;14600;CROISSANTS;4306.0;108.0;;;;;4307;41;4308.0;67.0;;;4307.0;0.0
-1;14700;CROISSANTS;4306.0;147.0;;;;;4308;147;;;;;4307.0;0.0
-1;14800;CROISSANTS;4306.0;106.0;;;;;4308;106;;;;;4307.0;0.0
-1;14900;CROISSANTS;4306.0;131.0;;;;;4307;131;;;;;4306.5;0.0
-1;15000;CROISSANTS;4306.0;114.0;;;;;4307;114;;;;;4306.5;0.0
-1;15100;CROISSANTS;4305.0;128.0;;;;;4307;128;;;;;4306.0;0.0
-1;15200;CROISSANTS;4306.0;68.0;4305.0;91.0;;;4307;153;;;;;4306.0;0.0
-1;15300;CROISSANTS;4306.0;65.0;4305.0;87.0;;;4307;152;;;;;4306.0;0.0
-1;15400;CROISSANTS;4306.0;40.0;4305.0;84.0;;;4307;124;;;;;4306.0;0.0
-1;15500;CROISSANTS;4306.0;111.0;;;;;4307;111;;;;;4306.5;0.0
-1;15600;CROISSANTS;4306.0;116.0;;;;;4307;116;;;;;4306.5;0.0
-1;15700;CROISSANTS;4306.0;129.0;;;;;4307;129;;;;;4306.5;0.0
-1;15800;CROISSANTS;4306.0;126.0;;;;;4307;126;;;;;4306.5;0.0
-1;15900;CROISSANTS;4306.0;136.0;;;;;4307;136;;;;;4306.5;0.0
-1;16000;CROISSANTS;4306.0;123.0;;;;;4307;123;;;;;4306.5;0.0
-1;16100;CROISSANTS;4306.0;123.0;;;;;4307;123;;;;;4306.5;0.0
-1;16200;CROISSANTS;4306.0;122.0;;;;;4307;122;;;;;4306.5;0.0
-1;16300;CROISSANTS;4306.0;117.0;;;;;4307;65;4308.0;52.0;;;4306.5;0.0
-1;16400;CROISSANTS;4306.0;129.0;;;;;4308;129;;;;;4307.0;0.0
-1;16500;CROISSANTS;4306.0;140.0;;;;;4307;43;4308.0;97.0;;;4307.0;0.0
-1;16600;CROISSANTS;4306.0;137.0;;;;;4308;137;;;;;4307.0;0.0
-1;16700;CROISSANTS;4306.0;137.0;;;;;4307;55;4308.0;82.0;;;4307.0;0.0
-1;16800;CROISSANTS;4306.0;127.0;;;;;4307;127;;;;;4306.5;0.0
-1;16900;CROISSANTS;4306.0;158.0;;;;;4307;158;;;;;4306.5;0.0
-1;17000;CROISSANTS;4306.0;139.0;;;;;4307;139;;;;;4306.5;0.0
-1;17100;CROISSANTS;4306.0;107.0;;;;;4307;49;4308.0;58.0;;;4307.0;0.0
-1;17200;CROISSANTS;4306.0;105.0;;;;;4307;105;;;;;4306.5;0.0
-1;17300;CROISSANTS;4306.0;102.0;;;;;4307;47;4308.0;55.0;;;4307.0;0.0
-1;17400;CROISSANTS;4305.0;111.0;;;;;4306;41;4307.0;70.0;;;4306.0;0.0
-1;17500;CROISSANTS;4305.0;131.0;;;;;4307;131;;;;;4306.0;0.0
-1;17600;CROISSANTS;4305.0;121.0;;;;;4307;112;;;;;4306.0;0.0
-1;17700;CROISSANTS;4305.0;106.0;;;;;4306;4;4307.0;106.0;;;4306.0;0.0
-1;17800;CROISSANTS;4305.0;140.0;;;;;4306;58;4307.0;82.0;;;4306.0;0.0
-1;17900;CROISSANTS;4305.0;115.0;;;;;4306;51;4307.0;64.0;;;4306.0;0.0
-1;18000;CROISSANTS;4304.0;151.0;;;;;4306;151;;;;;4305.0;0.0
-1;18100;CROISSANTS;4304.0;137.0;;;;;4306;137;;;;;4305.0;0.0
-1;18200;CROISSANTS;4304.0;115.0;;;;;4305;63;4306.0;52.0;;;4304.5;0.0
-1;18300;CROISSANTS;4304.0;111.0;;;;;4305;53;4306.0;58.0;;;4305.0;0.0
-1;18400;CROISSANTS;4304.0;125.0;;;;;4306;125;;;;;4305.0;0.0
-1;18500;CROISSANTS;4304.0;125.0;;;;;4305;40;4306.0;85.0;;;4305.0;0.0
-1;18600;CROISSANTS;4304.0;130.0;;;;;4305;130;;;;;4304.5;0.0
-1;18700;CROISSANTS;4304.0;140.0;;;;;4306;145;;;;;4305.0;0.0
-1;18800;CROISSANTS;4304.0;142.0;;;;;4305;58;4306.0;84.0;;;4305.0;0.0
-1;18900;CROISSANTS;4304.0;120.0;;;;;4305;120;;;;;4304.5;0.0
-1;19000;CROISSANTS;4304.0;123.0;;;;;4305;123;;;;;4304.5;0.0
-1;19100;CROISSANTS;4304.0;147.0;;;;;4305;59;4306.0;95.0;;;4305.0;0.0
-1;19200;CROISSANTS;4304.0;133.0;;;;;4305;63;4306.0;70.0;;;4305.0;0.0
-1;19300;CROISSANTS;4304.0;131.0;;;;;4305;50;4306.0;81.0;;;4305.0;0.0
-1;19400;CROISSANTS;4304.0;147.0;;;;;4305;147;;;;;4304.5;0.0
-1;19500;CROISSANTS;4304.0;158.0;;;;;4305;64;4306.0;94.0;;;4305.0;0.0
-1;19600;CROISSANTS;4304.0;143.0;;;;;4305;61;4306.0;82.0;;;4305.0;0.0
-1;19700;CROISSANTS;4304.0;114.0;;;;;4305;114;;;;;4304.5;0.0
-1;19800;CROISSANTS;4304.0;141.0;;;;;4305;55;4306.0;86.0;;;4305.0;0.0
-1;19900;CROISSANTS;4304.0;101.0;;;;;4305;39;4306.0;62.0;;;4305.0;0.0
-1;20000;CROISSANTS;4304.0;115.0;;;;;4305;115;;;;;4304.5;0.0
-1;20100;CROISSANTS;4304.0;59.0;4303.0;69.0;;;4305;128;;;;;4304.0;0.0
-1;20200;CROISSANTS;4304.0;55.0;4303.0;99.0;;;4305;154;;;;;4304.0;0.0
-1;20300;CROISSANTS;4303.0;105.0;;;;;4305;105;;;;;4304.0;0.0
-1;20400;CROISSANTS;4303.0;127.0;;;;;4304;47;4305.0;80.0;;;4304.0;0.0
-1;20500;CROISSANTS;4303.0;149.0;;;;;4305;149;;;;;4304.0;0.0
-1;20600;CROISSANTS;4303.0;109.0;;;;;4304;52;4305.0;61.0;;;4304.0;0.0
-1;20700;CROISSANTS;4303.0;147.0;;;;;4305;147;;;;;4304.0;0.0
-1;20800;CROISSANTS;4303.0;129.0;;;;;4305;129;;;;;4304.0;0.0
-1;20900;CROISSANTS;4303.0;107.0;;;;;4304;44;4305.0;63.0;;;4304.0;0.0
-1;21000;CROISSANTS;4303.0;127.0;;;;;4305;127;;;;;4304.0;0.0
-1;21100;CROISSANTS;4303.0;125.0;;;;;4305;125;;;;;4304.0;0.0
-1;21200;CROISSANTS;4303.0;114.0;;;;;4305;114;;;;;4304.0;0.0
-1;21300;CROISSANTS;4303.0;119.0;;;;;4304;58;4305.0;61.0;;;4304.0;0.0
-1;21400;CROISSANTS;4303.0;142.0;;;;;4305;142;;;;;4304.0;0.0
-1;21500;CROISSANTS;4303.0;104.0;;;;;4305;104;;;;;4304.0;0.0
-1;21600;CROISSANTS;4303.0;130.0;;;;;4305;130;;;;;4304.0;0.0
-1;21700;CROISSANTS;4303.0;118.0;;;;;4305;118;;;;;4304.0;0.0
-1;21800;CROISSANTS;4303.0;90.0;;;;;4305;90;;;;;4304.0;0.0
-1;21900;CROISSANTS;4303.0;142.0;;;;;4305;142;;;;;4304.0;0.0
-1;22000;CROISSANTS;4303.0;114.0;;;;;4304;55;4305.0;59.0;;;4304.0;0.0
-1;22100;CROISSANTS;4303.0;90.0;;;;;4304;35;4305.0;55.0;;;4304.0;0.0
-1;22200;CROISSANTS;4303.0;109.0;;;;;4304;109;;;;;4303.5;0.0
-1;22300;CROISSANTS;4303.0;125.0;;;;;4304;41;4305.0;84.0;;;4304.0;0.0
-1;22400;CROISSANTS;4303.0;142.0;;;;;4304;59;4305.0;83.0;;;4304.0;0.0
-1;22500;CROISSANTS;4303.0;115.0;;;;;4305;115;;;;;4304.0;0.0
-1;22600;CROISSANTS;4303.0;98.0;;;;;4304;48;4305.0;50.0;;;4304.0;0.0
-1;22700;CROISSANTS;4303.0;120.0;;;;;4304;120;;;;;4303.5;0.0
-1;22800;CROISSANTS;4303.0;137.0;;;;;4304;137;;;;;4303.5;0.0
-1;22900;CROISSANTS;4303.0;132.0;;;;;4304;51;4305.0;81.0;;;4304.0;0.0
-1;23000;CROISSANTS;4303.0;149.0;;;;;4304;50;4305.0;99.0;;;4304.0;0.0
-1;23100;CROISSANTS;4304.0;110.0;;;;;4305;110;;;;;4304.5;0.0
-1;23200;CROISSANTS;4304.0;120.0;;;;;4305;120;;;;;4304.5;0.0
-1;23300;CROISSANTS;4304.0;124.0;;;;;4305;124;;;;;4304.5;0.0
-1;23400;CROISSANTS;4304.0;125.0;;;;;4305;125;;;;;4304.5;0.0
-1;23500;CROISSANTS;4304.0;150.0;;;;;4305;54;4306.0;96.0;;;4305.0;0.0
-1;23600;CROISSANTS;4304.0;105.0;;;;;4305;47;4306.0;58.0;;;4305.0;0.0
-1;23700;CROISSANTS;4304.0;40.0;4303.0;83.0;;;4305;123;;;;;4304.0;0.0
-1;23800;CROISSANTS;4304.0;44.0;4303.0;92.0;;;4305;136;;;;;4304.0;0.0
-1;23900;CROISSANTS;4304.0;139.0;;;;;4305;139;;;;;4304.5;0.0
-1;24000;CROISSANTS;4304.0;112.0;;;;;4305;112;;;;;4304.5;0.0
-1;24100;CROISSANTS;4304.0;123.0;;;;;4305;42;4306.0;81.0;;;4305.0;0.0
-1;24200;CROISSANTS;4304.0;109.0;;;;;4305;109;;;;;4304.5;0.0
-1;24300;CROISSANTS;4304.0;127.0;;;;;4305;127;;;;;4304.5;0.0
-1;24400;CROISSANTS;4304.0;106.0;;;;;4305;106;;;;;4304.5;0.0
-1;24500;CROISSANTS;4304.0;105.0;;;;;4305;105;;;;;4304.5;0.0
-1;24600;CROISSANTS;4304.0;154.0;;;;;4305;57;4306.0;97.0;;;4305.0;0.0
-1;24700;CROISSANTS;4304.0;116.0;;;;;4305;46;4306.0;70.0;;;4305.0;0.0
-1;24800;CROISSANTS;4304.0;124.0;;;;;4305;50;4306.0;74.0;;;4305.0;0.0
-1;24900;CROISSANTS;4304.0;143.0;;;;;4305;143;;;;;4304.5;0.0
-1;25000;CROISSANTS;4304.0;113.0;;;;;4305;113;;;;;4304.5;0.0
-1;25100;CROISSANTS;4304.0;113.0;;;;;4305;113;;;;;4304.5;0.0
-1;25200;CROISSANTS;4304.0;112.0;;;;;4306;112;;;;;4305.0;0.0
-1;25300;CROISSANTS;4304.0;103.0;;;;;4305;36;4306.0;67.0;;;4305.0;0.0
-1;25400;CROISSANTS;4304.0;133.0;;;;;4305;133;;;;;4304.5;0.0
-1;25500;CROISSANTS;4304.0;131.0;;;;;4305;131;;;;;4304.5;0.0
-1;25600;CROISSANTS;4304.0;122.0;;;;;4305;122;;;;;4304.5;0.0
-1;25700;CROISSANTS;4304.0;131.0;;;;;4305;131;;;;;4304.5;0.0
-1;25800;CROISSANTS;4304.0;116.0;;;;;4305;56;4306.0;60.0;;;4305.0;0.0
-1;25900;CROISSANTS;4306.0;37.0;4305.0;70.0;;;4307;107;;;;;4306.0;0.0
-1;26000;CROISSANTS;4306.0;150.0;;;;;4307;150;;;;;4306.5;0.0
-1;26100;CROISSANTS;4306.0;142.0;;;;;4307;142;;;;;4306.5;0.0
-1;26200;CROISSANTS;4306.0;158.0;;;;;4307;158;;;;;4306.5;0.0
-1;26300;CROISSANTS;4306.0;107.0;;;;;4307;37;4308.0;70.0;;;4307.0;0.0
-1;26400;CROISSANTS;4306.0;168.0;;;;;4307;160;;;;;4306.5;0.0
-1;26500;CROISSANTS;4306.0;103.0;;;;;4307;50;4308.0;53.0;;;4307.0;0.0
-1;26600;CROISSANTS;4306.0;145.0;;;;;4308;145;;;;;4307.0;0.0
-1;26700;CROISSANTS;4306.0;124.0;;;;;4308;124;;;;;4307.0;0.0
-1;26800;CROISSANTS;4306.0;116.0;;;;;4307;116;;;;;4306.5;0.0
-1;26900;CROISSANTS;4306.0;129.0;;;;;4307;57;4308.0;72.0;;;4307.0;0.0
-1;27000;CROISSANTS;4306.0;100.0;;;;;4308;100;;;;;4307.0;0.0
-1;27100;CROISSANTS;4307.0;40.0;4306.0;65.0;;;4308;105;;;;;4307.0;0.0
-1;27200;CROISSANTS;4307.0;144.0;;;;;4308;144;;;;;4307.5;0.0
-1;27300;CROISSANTS;4307.0;145.0;;;;;4309;145;;;;;4308.0;0.0
-1;27400;CROISSANTS;4308.0;136.0;;;;;4309;136;;;;;4308.5;0.0
-1;27500;CROISSANTS;4308.0;95.0;;;;;4309;95;;;;;4308.5;0.0
-1;27600;CROISSANTS;4308.0;140.0;;;;;4309;59;4310.0;81.0;;;4309.0;0.0
-1;27700;CROISSANTS;4308.0;135.0;;;;;4310;135;;;;;4309.0;0.0
-1;27800;CROISSANTS;4308.0;150.0;;;;;4310;150;;;;;4309.0;0.0
-1;27900;CROISSANTS;4308.0;140.0;;;;;4309;140;;;;;4308.5;0.0
-1;28000;CROISSANTS;4308.0;121.0;;;;;4310;121;;;;;4309.0;0.0
-1;28100;CROISSANTS;4309.0;113.0;;;;;4310;43;4311.0;70.0;;;4310.0;0.0
-1;28200;CROISSANTS;4309.0;157.0;;;;;4310;63;4311.0;94.0;;;4310.0;0.0
-1;28300;CROISSANTS;4309.0;60.0;4308.0;86.0;;;4310;150;;;;;4309.0;0.0
-1;28400;CROISSANTS;4309.0;64.0;4308.0;74.0;;;4310;138;;;;;4309.0;0.0
-1;28500;CROISSANTS;4308.0;134.0;;;;;4309;134;;;;;4308.5;0.0
-1;28600;CROISSANTS;4308.0;147.0;;;;;4309;147;;;;;4308.5;0.0
-1;28700;CROISSANTS;4308.0;106.0;;;;;4310;106;;;;;4309.0;0.0
-1;28800;CROISSANTS;4308.0;133.0;;;;;4310;133;;;;;4309.0;0.0
-1;28900;CROISSANTS;4309.0;37.0;4308.0;94.0;;;4310;131;;;;;4309.0;0.0
-1;29000;CROISSANTS;4308.0;128.0;;;;;4309;35;4310.0;93.0;;;4309.0;0.0
-1;29100;CROISSANTS;4309.0;58.0;4308.0;62.0;;;4310;120;;;;;4309.0;0.0
-1;29200;CROISSANTS;4308.0;114.0;;;;;4309;43;4310.0;71.0;;;4309.0;0.0
-1;29300;CROISSANTS;4308.0;88.0;;;;;4309;37;4310.0;56.0;;;4309.0;0.0
-1;29400;CROISSANTS;4309.0;44.0;4308.0;54.0;;;4310;98;;;;;4309.0;0.0
-1;29500;CROISSANTS;4309.0;104.0;;;;;4310;39;4311.0;65.0;;;4310.0;0.0
-1;29600;CROISSANTS;4308.0;96.0;;;;;4310;96;;;;;4309.0;0.0
-1;29700;CROISSANTS;4309.0;132.0;;;;;4310;132;;;;;4309.5;0.0
-1;29800;CROISSANTS;4309.0;41.0;4308.0;87.0;;;4310;128;;;;;4309.0;0.0
-1;29900;CROISSANTS;4309.0;37.0;4308.0;93.0;;;4310;130;;;;;4309.0;0.0
-1;30000;CROISSANTS;4309.0;36.0;4308.0;64.0;;;4310;100;;;;;4309.0;0.0
-1;30100;CROISSANTS;4309.0;98.0;;;;;4310;36;4311.0;62.0;;;4310.0;0.0
-1;30200;CROISSANTS;4309.0;103.0;;;;;4310;37;4311.0;66.0;;;4310.0;0.0
-1;30300;CROISSANTS;4309.0;139.0;;;;;4311;139;;;;;4310.0;0.0
-1;30400;CROISSANTS;4309.0;132.0;;;;;4310;54;4311.0;78.0;;;4310.0;0.0
-1;30500;CROISSANTS;4309.0;115.0;;;;;4310;115;;;;;4309.5;0.0
-1;30600;CROISSANTS;4309.0;124.0;;;;;4311;124;;;;;4310.0;0.0
-1;30700;CROISSANTS;4310.0;99.0;;;;;4311;99;;;;;4310.5;0.0
-1;30800;CROISSANTS;4310.0;139.0;;;;;4311;139;;;;;4310.5;0.0
-1;30900;CROISSANTS;4310.0;141.0;;;;;4311;141;;;;;4310.5;0.0
-1;31000;CROISSANTS;4309.0;118.0;;;;;4311;118;;;;;4310.0;0.0
-1;31100;CROISSANTS;4310.0;55.0;4309.0;90.0;;;4311;145;;;;;4310.0;0.0
-1;31200;CROISSANTS;4310.0;64.0;4309.0;64.0;;;4311;128;;;;;4310.5;0.0
-1;31300;CROISSANTS;4309.0;99.0;;;;;4310;45;4311.0;54.0;;;4310.0;0.0
-1;31400;CROISSANTS;4309.0;123.0;;;;;4310;46;4311.0;77.0;;;4310.0;0.0
-1;31500;CROISSANTS;4309.0;141.0;;;;;4310;141;;;;;4309.5;0.0
-1;31600;CROISSANTS;4308.0;125.0;;;;;4309;59;4310.0;56.0;;;4308.5;0.0
-1;31700;CROISSANTS;4308.0;133.0;;;;;4309;133;;;;;4308.5;0.0
-1;31800;CROISSANTS;4308.0;140.0;;;;;4309;140;;;;;4308.5;0.0
-1;31900;CROISSANTS;4307.0;115.0;;;;;4309;115;;;;;4308.0;0.0
-1;32000;CROISSANTS;4307.0;112.0;;;;;4309;112;;;;;4308.0;0.0
-1;32100;CROISSANTS;4307.0;103.0;;;;;4308;103;;;;;4307.5;0.0
-1;32200;CROISSANTS;4307.0;129.0;;;;;4308;129;;;;;4307.5;0.0
-1;32300;CROISSANTS;4306.0;122.0;;;;;4308;122;;;;;4307.0;0.0
-1;32400;CROISSANTS;4306.0;72.0;4305.0;83.0;;;4307;145;;;;;4306.0;0.0
-1;32500;CROISSANTS;4306.0;135.0;;;;;4307;135;;;;;4306.5;0.0
-1;32600;CROISSANTS;4306.0;41.0;4305.0;100.0;;;4307;141;;;;;4306.0;0.0
-1;32700;CROISSANTS;4305.0;115.0;;;;;4306;36;4307.0;79.0;;;4306.0;0.0
-1;32800;CROISSANTS;4306.0;60.0;4305.0;76.0;;;4307;136;;;;;4306.0;0.0
-1;32900;CROISSANTS;4306.0;52.0;4305.0;62.0;;;4307;107;;;;;4306.0;0.0
-1;33000;CROISSANTS;4305.0;107.0;;;;;4307;107;;;;;4306.0;0.0
-1;33100;CROISSANTS;4305.0;134.0;;;;;4307;134;;;;;4306.0;0.0
-1;33200;CROISSANTS;4305.0;102.0;;;;;4307;102;;;;;4306.0;0.0
-1;33300;CROISSANTS;4305.0;139.0;;;;;4306;57;4307.0;82.0;;;4306.0;0.0
-1;33400;CROISSANTS;4305.0;124.0;;;;;4306;48;4307.0;76.0;;;4306.0;0.0
-1;33500;CROISSANTS;4305.0;131.0;;;;;4306;131;;;;;4305.5;0.0
-1;33600;CROISSANTS;4306.0;37.0;4305.0;56.0;;;4307;93;;;;;4306.0;0.0
-1;33700;CROISSANTS;4306.0;44.0;4305.0;84.0;;;4307;128;;;;;4306.0;0.0
-1;33800;CROISSANTS;4306.0;113.0;;;;;4307;113;;;;;4306.5;0.0
-1;33900;CROISSANTS;4306.0;37.0;4305.0;63.0;;;4307;100;;;;;4306.0;0.0
-1;34000;CROISSANTS;4306.0;115.0;;;;;4308;115;;;;;4307.0;0.0
-1;34100;CROISSANTS;4307.0;43.0;4306.0;96.0;;;4308;139;;;;;4307.0;0.0
-1;34200;CROISSANTS;4307.0;120.0;;;;;4308;120;;;;;4307.5;0.0
-1;34300;CROISSANTS;4307.0;119.0;;;;;4308;42;4309.0;77.0;;;4308.0;0.0
-1;34400;CROISSANTS;4307.0;59.0;4306.0;70.0;;;4308;129;;;;;4307.0;0.0
-1;34500;CROISSANTS;4307.0;142.0;;;;;4308;142;;;;;4307.5;0.0
-1;34600;CROISSANTS;4307.0;100.0;;;;;4308;100;;;;;4307.5;0.0
-1;34700;CROISSANTS;4307.0;108.0;;;;;4308;108;;;;;4307.5;0.0
-1;34800;CROISSANTS;4307.0;127.0;;;;;4309;127;;;;;4308.0;0.0
-1;34900;CROISSANTS;4307.0;141.0;;;;;4308;50;4309.0;91.0;;;4308.0;0.0
-1;35000;CROISSANTS;4307.0;147.0;;;;;4308;60;4309.0;87.0;;;4308.0;0.0
-1;35100;CROISSANTS;4308.0;53.0;4307.0;67.0;;;4309;120;;;;;4308.0;0.0
-1;35200;CROISSANTS;4307.0;155.0;;;;;4309;155;;;;;4308.0;0.0
-1;35300;CROISSANTS;4307.0;132.0;;;;;4309;125;;;;;4308.0;0.0
-1;35400;CROISSANTS;4307.0;135.0;;;;;4309;142;;;;;4308.0;0.0
-1;35500;CROISSANTS;4307.0;120.0;;;;;4309;120;;;;;4308.0;0.0
-1;35600;CROISSANTS;4307.0;121.0;;;;;4309;121;;;;;4308.0;0.0
-1;35700;CROISSANTS;4308.0;35.0;4307.0;95.0;;;4309;130;;;;;4308.0;0.0
-1;35800;CROISSANTS;4309.0;39.0;4308.0;57.0;;;4310;96;;;;;4309.0;0.0
-1;35900;CROISSANTS;4309.0;49.0;4308.0;52.0;;;4310;101;;;;;4309.0;0.0
-1;36000;CROISSANTS;4308.0;127.0;;;;;4310;127;;;;;4309.0;0.0
-1;36100;CROISSANTS;4309.0;46.0;4308.0;65.0;;;4310;111;;;;;4309.0;0.0
-1;36200;CROISSANTS;4309.0;129.0;;;;;4310;129;;;;;4309.5;0.0
-1;36300;CROISSANTS;4309.0;100.0;;;;;4310;100;;;;;4309.5;0.0
-1;36400;CROISSANTS;4309.0;103.0;;;;;4310;103;;;;;4309.5;0.0
-1;36500;CROISSANTS;4310.0;123.0;;;;;4311;123;;;;;4310.5;0.0
-1;36600;CROISSANTS;4310.0;153.0;;;;;4311;153;;;;;4310.5;0.0
-1;36700;CROISSANTS;4310.0;57.0;4309.0;56.0;;;4311;113;;;;;4310.5;0.0
-1;36800;CROISSANTS;4310.0;134.0;;;;;4311;134;;;;;4310.5;0.0
-1;36900;CROISSANTS;4310.0;144.0;;;;;4311;144;;;;;4310.5;0.0
-1;37000;CROISSANTS;4310.0;148.0;;;;;4311;64;4312.0;89.0;;;4311.0;0.0
-1;37100;CROISSANTS;4310.0;113.0;;;;;4312;113;;;;;4311.0;0.0
-1;37200;CROISSANTS;4311.0;120.0;;;;;4312;120;;;;;4311.5;0.0
-1;37300;CROISSANTS;4311.0;134.0;;;;;4312;134;;;;;4311.5;0.0
-1;37400;CROISSANTS;4311.0;137.0;;;;;4312;137;;;;;4311.5;0.0
-1;37500;CROISSANTS;4311.0;130.0;;;;;4312;130;;;;;4311.5;0.0
-1;37600;CROISSANTS;4311.0;37.0;4310.0;99.0;;;4312;136;;;;;4311.0;0.0
-1;37700;CROISSANTS;4311.0;92.0;;;;;4312;92;;;;;4311.5;0.0
-1;37800;CROISSANTS;4311.0;138.0;;;;;4312;138;;;;;4311.5;0.0
-1;37900;CROISSANTS;4310.0;137.0;;;;;4312;137;;;;;4311.0;0.0
-1;38000;CROISSANTS;4311.0;41.0;4310.0;73.0;;;4312;114;;;;;4311.0;0.0
-1;38100;CROISSANTS;4310.0;96.0;;;;;4312;96;;;;;4311.0;0.0
-1;38200;CROISSANTS;4310.0;152.0;;;;;4312;152;;;;;4311.0;0.0
-1;38300;CROISSANTS;4310.0;113.0;;;;;4312;120;;;;;4311.0;0.0
-1;38400;CROISSANTS;4310.0;98.0;;;;;4311;38;4312.0;60.0;;;4311.0;0.0
-1;38500;CROISSANTS;4310.0;116.0;;;;;4311;110;;;;;4310.5;0.0
-1;38600;CROISSANTS;4310.0;112.0;;;;;4311;54;4312.0;58.0;;;4311.0;0.0
-1;38700;CROISSANTS;4310.0;107.0;;;;;4311;48;4312.0;59.0;;;4311.0;0.0
-1;38800;CROISSANTS;4311.0;54.0;4310.0;94.0;;;4312;148;;;;;4311.0;0.0
-1;38900;CROISSANTS;4312.0;99.0;;;;;4313;99;;;;;4312.5;0.0
-1;39000;CROISSANTS;4312.0;117.0;;;;;4313;125;;;;;4312.5;0.0
-1;39100;CROISSANTS;4312.0;146.0;;;;;4313;146;;;;;4312.5;0.0
-1;39200;CROISSANTS;4312.0;91.0;;;;;4313;91;;;;;4312.5;0.0
-1;39300;CROISSANTS;4312.0;102.0;;;;;4313;52;4314.0;50.0;;;4312.5;0.0
-1;39400;CROISSANTS;4312.0;132.0;;;;;4313;51;4314.0;81.0;;;4313.0;0.0
-1;39500;CROISSANTS;4312.0;119.0;;;;;4313;119;;;;;4312.5;0.0
-1;39600;CROISSANTS;4312.0;133.0;;;;;4313;52;4314.0;81.0;;;4313.0;0.0
-1;39700;CROISSANTS;4312.0;106.0;;;;;4313;106;;;;;4312.5;0.0
-1;39800;CROISSANTS;4312.0;120.0;;;;;4313;120;;;;;4312.5;0.0
-1;39900;CROISSANTS;4312.0;117.0;;;;;4314;117;;;;;4313.0;0.0
-1;40000;CROISSANTS;4312.0;125.0;;;;;4313;61;4314.0;64.0;;;4313.0;0.0
-1;40100;CROISSANTS;4312.0;116.0;;;;;4313;63;4314.0;53.0;;;4312.5;0.0
-1;40200;CROISSANTS;4312.0;124.0;;;;;4314;124;;;;;4313.0;0.0
-1;40300;CROISSANTS;4313.0;160.0;;;;;4314;160;;;;;4313.5;0.0
-1;40400;CROISSANTS;4314.0;109.0;;;;;4316;109;;;;;4315.0;0.0
-1;40500;CROISSANTS;4314.0;131.0;;;;;4316;131;;;;;4315.0;0.0
-1;40600;CROISSANTS;4315.0;110.0;;;;;4316;110;;;;;4315.5;0.0
-1;40700;CROISSANTS;4315.0;111.0;;;;;4316;111;;;;;4315.5;0.0
-1;40800;CROISSANTS;4315.0;142.0;;;;;4316;142;;;;;4315.5;0.0
-1;40900;CROISSANTS;4315.0;45.0;4314.0;62.0;;;4316;107;;;;;4315.0;0.0
-1;41000;CROISSANTS;4315.0;114.0;;;;;4316;114;;;;;4315.5;0.0
-1;41100;CROISSANTS;4314.0;46.0;4313.0;74.0;;;4315;120;;;;;4314.0;0.0
-1;41200;CROISSANTS;4314.0;128.0;;;;;4315;128;;;;;4314.5;0.0
-1;41300;CROISSANTS;4314.0;54.0;4313.0;50.0;;;4315;104;;;;;4314.5;0.0
-1;41400;CROISSANTS;4314.0;136.0;;;;;4315;136;;;;;4314.5;0.0
-1;41500;CROISSANTS;4314.0;134.0;;;;;4316;134;;;;;4315.0;0.0
-1;41600;CROISSANTS;4315.0;136.0;;;;;4316;136;;;;;4315.5;0.0
-1;41700;CROISSANTS;4315.0;135.0;;;;;4316;135;;;;;4315.5;0.0
-1;41800;CROISSANTS;4315.0;60.0;4314.0;57.0;;;4316;117;;;;;4315.5;0.0
-1;41900;CROISSANTS;4315.0;105.0;;;;;4316;110;;;;;4315.5;0.0
-1;42000;CROISSANTS;4315.0;160.0;;;;;4316;160;;;;;4315.5;0.0
-1;42100;CROISSANTS;4315.0;36.0;4314.0;67.0;;;4316;103;;;;;4315.0;0.0
-1;42200;CROISSANTS;4315.0;107.0;;;;;4316;107;;;;;4315.5;0.0
-1;42300;CROISSANTS;4315.0;131.0;;;;;4316;131;;;;;4315.5;0.0
-1;42400;CROISSANTS;4315.0;134.0;;;;;4316;134;;;;;4315.5;0.0
-1;42500;CROISSANTS;4315.0;103.0;;;;;4316;52;4317.0;51.0;;;4315.5;0.0
-1;42600;CROISSANTS;4315.0;112.0;;;;;4316;112;;;;;4315.5;0.0
-1;42700;CROISSANTS;4315.0;137.0;;;;;4316;61;4317.0;76.0;;;4316.0;0.0
-1;42800;CROISSANTS;4315.0;102.0;;;;;4316;102;;;;;4315.5;0.0
-1;42900;CROISSANTS;4314.0;128.0;;;;;4315;61;4316.0;67.0;;;4315.0;0.0
-1;43000;CROISSANTS;4314.0;118.0;;;;;4315;59;4316.0;59.0;;;4314.5;0.0
-1;43100;CROISSANTS;4314.0;96.0;;;;;4315;39;4316.0;57.0;;;4315.0;0.0
-1;43200;CROISSANTS;4314.0;107.0;;;;;4315;53;4316.0;54.0;;;4315.0;0.0
-1;43300;CROISSANTS;4315.0;56.0;4314.0;59.0;;;4316;115;;;;;4315.0;0.0
-1;43400;CROISSANTS;4315.0;61.0;4314.0;68.0;;;4316;129;;;;;4315.0;0.0
-1;43500;CROISSANTS;4315.0;51.0;4314.0;71.0;;;4316;122;;;;;4315.0;0.0
-1;43600;CROISSANTS;4314.0;143.0;;;;;4315;43;4316.0;100.0;;;4315.0;0.0
-1;43700;CROISSANTS;4314.0;38.0;4313.0;95.0;;;4315;133;;;;;4314.0;0.0
-1;43800;CROISSANTS;4314.0;142.0;;;;;4315;142;;;;;4314.5;0.0
-1;43900;CROISSANTS;4314.0;49.0;4313.0;68.0;;;4315;117;;;;;4314.0;0.0
-1;44000;CROISSANTS;4314.0;59.0;4313.0;66.0;;;4315;125;;;;;4314.0;0.0
-1;44100;CROISSANTS;4313.0;148.0;;;;;4314;54;4315.0;94.0;;;4314.0;0.0
-1;44200;CROISSANTS;4313.0;105.0;;;;;4314;49;4315.0;56.0;;;4314.0;0.0
-1;44300;CROISSANTS;4313.0;130.0;;;;;4314;130;;;;;4313.5;0.0
-1;44400;CROISSANTS;4313.0;148.0;;;;;4314;148;;;;;4313.5;0.0
-1;44500;CROISSANTS;4313.0;109.0;;;;;4314;109;;;;;4313.5;0.0
-1;44600;CROISSANTS;4313.0;90.0;;;;;4314;90;;;;;4313.5;0.0
-1;44700;CROISSANTS;4312.0;104.0;;;;;4313;104;;;;;4312.5;0.0
-1;44800;CROISSANTS;4312.0;144.0;;;;;4313;144;;;;;4312.5;0.0
-1;44900;CROISSANTS;4312.0;137.0;;;;;4313;60;4314.0;77.0;;;4313.0;0.0
-1;45000;CROISSANTS;4312.0;142.0;;;;;4314;142;;;;;4313.0;0.0
-1;45100;CROISSANTS;4312.0;145.0;;;;;4314;145;;;;;4313.0;0.0
-1;45200;CROISSANTS;4312.0;113.0;;;;;4313;46;4314.0;67.0;;;4313.0;0.0
-1;45300;CROISSANTS;4312.0;109.0;;;;;4313;39;4314.0;70.0;;;4313.0;0.0
-1;45400;CROISSANTS;4312.0;63.0;4311.0;86.0;;;4313;149;;;;;4312.0;0.0
-1;45500;CROISSANTS;4311.0;130.0;;;;;4312;50;4313.0;80.0;;;4312.0;0.0
-1;45600;CROISSANTS;4311.0;139.0;;;;;4313;139;;;;;4312.0;0.0
-1;45700;CROISSANTS;4311.0;105.0;;;;;4312;105;;;;;4311.5;0.0
-1;45800;CROISSANTS;4311.0;151.0;;;;;4312;151;;;;;4311.5;0.0
-1;45900;CROISSANTS;4312.0;116.0;;;;;4313;58;4314.0;58.0;;;4312.5;0.0
-1;46000;CROISSANTS;4312.0;126.0;;;;;4313;126;;;;;4312.5;0.0
-1;46100;CROISSANTS;4312.0;103.0;;;;;4313;46;4314.0;51.0;;;4313.0;0.0
-1;46200;CROISSANTS;4312.0;130.0;;;;;4313;65;4314.0;65.0;;;4312.5;0.0
-1;46300;CROISSANTS;4312.0;148.0;;;;;4313;53;4314.0;95.0;;;4313.0;0.0
-1;46400;CROISSANTS;4312.0;149.0;;;;;4313;52;4314.0;97.0;;;4313.0;0.0
-1;46500;CROISSANTS;4312.0;152.0;;;;;4313;62;4314.0;90.0;;;4313.0;0.0
-1;46600;CROISSANTS;4312.0;101.0;;;;;4313;36;4314.0;65.0;;;4313.0;0.0
-1;46700;CROISSANTS;4312.0;121.0;;;;;4314;121;;;;;4313.0;0.0
-1;46800;CROISSANTS;4312.0;148.0;;;;;4313;57;4314.0;91.0;;;4313.0;0.0
-1;46900;CROISSANTS;4312.0;134.0;;;;;4313;134;;;;;4312.5;0.0
-1;47000;CROISSANTS;4312.0;104.0;;;;;4313;104;;;;;4312.5;0.0
-1;47100;CROISSANTS;4312.0;152.0;;;;;4313;49;4314.0;95.0;;;4313.0;0.0
-1;47200;CROISSANTS;4311.0;126.0;;;;;4312;5;4313.0;126.0;;;4312.0;0.0
-1;47300;CROISSANTS;4312.0;150.0;;;;;4313;150;;;;;4312.5;0.0
-1;47400;CROISSANTS;4312.0;35.0;4311.0;84.0;;;4313;119;;;;;4312.0;0.0
-1;47500;CROISSANTS;4312.0;65.0;4311.0;53.0;;;4313;118;;;;;4312.5;0.0
-1;47600;CROISSANTS;4312.0;54.0;4311.0;96.0;;;4313;150;;;;;4312.0;0.0
-1;47700;CROISSANTS;4312.0;35.0;4311.0;73.0;;;4313;108;;;;;4312.0;0.0
-1;47800;CROISSANTS;4312.0;131.0;;;;;4313;131;;;;;4312.5;0.0
-1;47900;CROISSANTS;4312.0;142.0;;;;;4313;142;;;;;4312.5;0.0
-1;48000;CROISSANTS;4312.0;111.0;;;;;4313;111;;;;;4312.5;0.0
-1;48100;CROISSANTS;4311.0;151.0;;;;;4313;151;;;;;4312.0;0.0
-1;48200;CROISSANTS;4311.0;145.0;;;;;4312;65;4313.0;80.0;;;4312.0;0.0
-1;48300;CROISSANTS;4311.0;147.0;;;;;4312;147;;;;;4311.5;0.0
-1;48400;CROISSANTS;4311.0;113.0;;;;;4312;113;;;;;4311.5;0.0
-1;48500;CROISSANTS;4311.0;155.0;;;;;4312;155;;;;;4311.5;0.0
-1;48600;CROISSANTS;4310.0;115.0;;;;;4312;115;;;;;4311.0;0.0
-1;48700;CROISSANTS;4310.0;130.0;;;;;4311;48;4312.0;82.0;;;4311.0;0.0
-1;48800;CROISSANTS;4310.0;132.0;;;;;4311;52;4312.0;80.0;;;4311.0;0.0
-1;48900;CROISSANTS;4311.0;98.0;;;;;4312;98;;;;;4311.5;0.0
-1;49000;CROISSANTS;4311.0;128.0;;;;;4312;128;;;;;4311.5;0.0
-1;49100;CROISSANTS;4311.0;55.0;4310.0;72.0;;;4312;127;;;;;4311.0;0.0
-1;49200;CROISSANTS;4311.0;56.0;4310.0;69.0;;;4312;125;;;;;4311.0;0.0
-1;49300;CROISSANTS;4310.0;111.0;;;;;4311;57;4312.0;54.0;;;4310.5;0.0
-1;49400;CROISSANTS;4310.0;112.0;;;;;4312;112;;;;;4311.0;0.0
-1;49500;CROISSANTS;4311.0;120.0;;;;;4312;120;;;;;4311.5;0.0
-1;49600;CROISSANTS;4310.0;127.0;;;;;4311;127;;;;;4310.5;0.0
-1;49700;CROISSANTS;4311.0;127.0;;;;;4312;127;;;;;4311.5;0.0
-1;49800;CROISSANTS;4311.0;146.0;;;;;4312;146;;;;;4311.5;0.0
-1;49900;CROISSANTS;4311.0;45.0;4310.0;53.0;;;4312;98;;;;;4311.0;0.0
-1;50000;CROISSANTS;4310.0;98.0;;;;;4311;42;4312.0;56.0;;;4311.0;0.0
-1;50100;CROISSANTS;4310.0;111.0;;;;;4312;111;;;;;4311.0;0.0
-1;50200;CROISSANTS;4310.0;137.0;;;;;4311;50;4312.0;87.0;;;4311.0;0.0
-1;50300;CROISSANTS;4311.0;45.0;4310.0;67.0;;;4312;112;;;;;4311.0;0.0
-1;50400;CROISSANTS;4311.0;38.0;4310.0;78.0;;;4312;116;;;;;4311.0;0.0
-1;50500;CROISSANTS;4310.0;115.0;;;;;4312;115;;;;;4311.0;0.0
-1;50600;CROISSANTS;4310.0;117.0;;;;;4312;117;;;;;4311.0;0.0
-1;50700;CROISSANTS;4310.0;120.0;;;;;4312;120;;;;;4311.0;0.0
-1;50800;CROISSANTS;4310.0;148.0;;;;;4312;148;;;;;4311.0;0.0
-1;50900;CROISSANTS;4310.0;152.0;;;;;4312;152;;;;;4311.0;0.0
-1;51000;CROISSANTS;4311.0;123.0;;;;;4312;51;4313.0;72.0;;;4312.0;0.0
-1;51100;CROISSANTS;4311.0;121.0;;;;;4312;61;4313.0;60.0;;;4311.5;0.0
-1;51200;CROISSANTS;4310.0;119.0;;;;;4312;119;;;;;4311.0;0.0
-1;51300;CROISSANTS;4310.0;114.0;;;;;4312;114;;;;;4311.0;0.0
-1;51400;CROISSANTS;4310.0;109.0;;;;;4312;109;;;;;4311.0;0.0
-1;51500;CROISSANTS;4310.0;138.0;;;;;4311;138;;;;;4310.5;0.0
-1;51600;CROISSANTS;4310.0;127.0;;;;;4311;127;;;;;4310.5;0.0
-1;51700;CROISSANTS;4310.0;123.0;;;;;4311;123;;;;;4310.5;0.0
-1;51800;CROISSANTS;4310.0;124.0;;;;;4311;124;;;;;4310.5;0.0
-1;51900;CROISSANTS;4310.0;102.0;;;;;4311;108;;;;;4310.5;0.0
-1;52000;CROISSANTS;4310.0;119.0;;;;;4311;119;;;;;4310.5;0.0
-1;52100;CROISSANTS;4310.0;147.0;;;;;4312;147;;;;;4311.0;0.0
-1;52200;CROISSANTS;4311.0;36.0;4310.0;79.0;;;4312;115;;;;;4311.0;0.0
-1;52300;CROISSANTS;4310.0;145.0;;;;;4312;145;;;;;4311.0;0.0
-1;52400;CROISSANTS;4310.0;139.0;;;;;4312;139;;;;;4311.0;0.0
-1;52500;CROISSANTS;4310.0;127.0;;;;;4311;127;;;;;4310.5;0.0
-1;52600;CROISSANTS;4310.0;104.0;;;;;4311;36;4312.0;68.0;;;4311.0;0.0
-1;52700;CROISSANTS;4310.0;125.0;;;;;4312;125;;;;;4311.0;0.0
-1;52800;CROISSANTS;4310.0;107.0;;;;;4312;107;;;;;4311.0;0.0
-1;52900;CROISSANTS;4310.0;137.0;;;;;4311;137;;;;;4310.5;0.0
-1;53000;CROISSANTS;4310.0;116.0;;;;;4311;45;4312.0;71.0;;;4311.0;0.0
-1;53100;CROISSANTS;4310.0;131.0;;;;;4311;41;4312.0;90.0;;;4311.0;0.0
-1;53200;CROISSANTS;4310.0;110.0;;;;;4311;35;4312.0;75.0;;;4311.0;0.0
-1;53300;CROISSANTS;4310.0;145.0;;;;;4312;145;;;;;4311.0;0.0
-1;53400;CROISSANTS;4310.0;134.0;;;;;4311;134;;;;;4310.5;0.0
-1;53500;CROISSANTS;4310.0;112.0;;;;;4311;54;4312.0;58.0;;;4311.0;0.0
-1;53600;CROISSANTS;4310.0;154.0;;;;;4311;57;4312.0;97.0;;;4311.0;0.0
-1;53700;CROISSANTS;4310.0;114.0;;;;;4311;64;4312.0;50.0;;;4310.5;0.0
-1;53800;CROISSANTS;4309.0;95.0;;;;;4311;95;;;;;4310.0;0.0
-1;53900;CROISSANTS;4309.0;122.0;;;;;4311;122;;;;;4310.0;0.0
-1;54000;CROISSANTS;4309.0;101.0;;;;;4310;41;4311.0;60.0;;;4310.0;0.0
-1;54100;CROISSANTS;4309.0;124.0;;;;;4310;61;4311.0;71.0;;;4310.0;0.0
-1;54200;CROISSANTS;4309.0;116.0;;;;;4311;116;;;;;4310.0;0.0
-1;54300;CROISSANTS;4310.0;94.0;;;;;4311;94;;;;;4310.5;0.0
-1;54400;CROISSANTS;4310.0;114.0;;;;;4311;114;;;;;4310.5;0.0
-1;54500;CROISSANTS;4310.0;36.0;4309.0;62.0;;;4311;98;;;;;4310.0;0.0
-1;54600;CROISSANTS;4310.0;105.0;;;;;4311;105;;;;;4310.5;0.0
-1;54700;CROISSANTS;4310.0;118.0;;;;;4311;118;;;;;4310.5;0.0
-1;54800;CROISSANTS;4310.0;118.0;;;;;4311;51;4312.0;67.0;;;4311.0;0.0
-1;54900;CROISSANTS;4310.0;123.0;;;;;4311;47;4312.0;76.0;;;4311.0;0.0
-1;55000;CROISSANTS;4310.0;155.0;;;;;4312;155;;;;;4311.0;0.0
-1;55100;CROISSANTS;4310.0;110.0;;;;;4312;110;;;;;4311.0;0.0
-1;55200;CROISSANTS;4311.0;126.0;;;;;4312;62;4313.0;64.0;;;4312.0;0.0
-1;55300;CROISSANTS;4311.0;118.0;;;;;4312;49;4313.0;69.0;;;4312.0;0.0
-1;55400;CROISSANTS;4312.0;104.0;;;;;4313;104;;;;;4312.5;0.0
-1;55500;CROISSANTS;4312.0;65.0;4311.0;53.0;;;4313;118;;;;;4312.5;0.0
-1;55600;CROISSANTS;4312.0;41.0;4311.0;92.0;;;4313;133;;;;;4312.0;0.0
-1;55700;CROISSANTS;4312.0;64.0;4311.0;89.0;;;4313;153;;;;;4312.0;0.0
-1;55800;CROISSANTS;4312.0;51.0;4311.0;88.0;;;4313;139;;;;;4312.0;0.0
-1;55900;CROISSANTS;4312.0;108.0;;;;;4313;108;;;;;4312.5;0.0
-1;56000;CROISSANTS;4312.0;150.0;;;;;4313;58;4314.0;92.0;;;4313.0;0.0
-1;56100;CROISSANTS;4312.0;125.0;;;;;4313;125;;;;;4312.5;0.0
-1;56200;CROISSANTS;4312.0;63.0;4311.0;52.0;;;4313;115;;;;;4312.5;0.0
-1;56300;CROISSANTS;4312.0;58.0;4311.0;71.0;;;4313;129;;;;;4312.0;0.0
-1;56400;CROISSANTS;4311.0;117.0;;;;;4312;117;;;;;4311.5;0.0
-1;56500;CROISSANTS;4311.0;51.0;4310.0;75.0;;;4312;126;;;;;4311.0;0.0
-1;56600;CROISSANTS;4311.0;135.0;;;;;4313;135;;;;;4312.0;0.0
-1;56700;CROISSANTS;4311.0;133.0;;;;;4313;133;;;;;4312.0;0.0
-1;56800;CROISSANTS;4311.0;122.0;;;;;4313;122;;;;;4312.0;0.0
-1;56900;CROISSANTS;4312.0;54.0;4311.0;70.0;;;4313;124;;;;;4312.0;0.0
-1;57000;CROISSANTS;4312.0;135.0;;;;;4313;135;;;;;4312.5;0.0
-1;57100;CROISSANTS;4312.0;64.0;4311.0;77.0;;;4313;141;;;;;4312.0;0.0
-1;57200;CROISSANTS;4312.0;47.0;4311.0;70.0;;;4313;117;;;;;4312.0;0.0
-1;57300;CROISSANTS;4311.0;125.0;;;;;4313;125;;;;;4312.0;0.0
-1;57400;CROISSANTS;4312.0;97.0;;;;;4313;97;;;;;4312.5;0.0
-1;57500;CROISSANTS;4312.0;111.0;;;;;4313;111;;;;;4312.5;0.0
-1;57600;CROISSANTS;4312.0;147.0;;;;;4313;54;4314.0;93.0;;;4313.0;0.0
-1;57700;CROISSANTS;4312.0;122.0;;;;;4313;122;;;;;4312.5;0.0
-1;57800;CROISSANTS;4312.0;93.0;;;;;4314;93;;;;;4313.0;0.0
-1;57900;CROISSANTS;4313.0;63.0;4312.0;82.0;;;4314;145;;;;;4313.0;0.0
-1;58000;CROISSANTS;4312.0;125.0;;;;;4314;125;;;;;4313.0;0.0
-1;58100;CROISSANTS;4312.0;132.0;;;;;4314;132;;;;;4313.0;0.0
-1;58200;CROISSANTS;4312.0;112.0;;;;;4314;112;;;;;4313.0;0.0
-1;58300;CROISSANTS;4313.0;117.0;;;;;4314;117;;;;;4313.5;0.0
-1;58400;CROISSANTS;4313.0;126.0;;;;;4314;48;4315.0;68.0;;;4314.0;0.0
-1;58500;CROISSANTS;4313.0;128.0;;;;;4314;128;;;;;4313.5;0.0
-1;58600;CROISSANTS;4313.0;141.0;;;;;4314;141;;;;;4313.5;0.0
-1;58700;CROISSANTS;4313.0;138.0;;;;;4314;42;4315.0;96.0;;;4314.0;0.0
-1;58800;CROISSANTS;4313.0;138.0;;;;;4315;138;;;;;4314.0;0.0
-1;58900;CROISSANTS;4313.0;101.0;;;;;4315;96;;;;;4314.0;0.0
-1;59000;CROISSANTS;4313.0;152.0;;;;;4314;54;4315.0;98.0;;;4314.0;0.0
-1;59100;CROISSANTS;4313.0;113.0;;;;;4314;113;;;;;4313.5;0.0
-1;59200;CROISSANTS;4313.0;126.0;;;;;4315;126;;;;;4314.0;0.0
-1;59300;CROISSANTS;4314.0;61.0;4313.0;88.0;;;4315;149;;;;;4314.0;0.0
-1;59400;CROISSANTS;4313.0;97.0;;;;;4314;36;4315.0;61.0;;;4314.0;0.0
-1;59500;CROISSANTS;4314.0;129.0;;;;;4315;129;;;;;4314.5;0.0
-1;59600;CROISSANTS;4314.0;122.0;;;;;4315;122;;;;;4314.5;0.0
-1;59700;CROISSANTS;4314.0;135.0;;;;;4315;135;;;;;4314.5;0.0
-1;59800;CROISSANTS;4314.0;141.0;;;;;4315;141;;;;;4314.5;0.0
-1;59900;CROISSANTS;4314.0;102.0;;;;;4315;102;;;;;4314.5;0.0
-1;60000;CROISSANTS;4314.0;107.0;;;;;4315;107;;;;;4314.5;0.0
-1;60100;CROISSANTS;4314.0;153.0;;;;;4315;145;;;;;4314.5;0.0
-1;60200;CROISSANTS;4314.0;87.0;;;;;4315;87;;;;;4314.5;0.0
-1;60300;CROISSANTS;4314.0;125.0;;;;;4315;125;;;;;4314.5;0.0
-1;60400;CROISSANTS;4314.0;103.0;;;;;4316;111;;;;;4315.0;0.0
-1;60500;CROISSANTS;4314.0;149.0;;;;;4316;149;;;;;4315.0;0.0
-1;60600;CROISSANTS;4314.0;110.0;;;;;4316;110;;;;;4315.0;0.0
-1;60700;CROISSANTS;4314.0;140.0;;;;;4316;140;;;;;4315.0;0.0
-1;60800;CROISSANTS;4314.0;132.0;;;;;4315;61;4316.0;71.0;;;4315.0;0.0
-1;60900;CROISSANTS;4314.0;123.0;;;;;4315;37;4316.0;86.0;;;4315.0;0.0
-1;61000;CROISSANTS;4314.0;150.0;;;;;4315;62;4316.0;82.0;;;4315.0;0.0
-1;61100;CROISSANTS;4314.0;136.0;;;;;4315;54;4316.0;82.0;;;4315.0;0.0
-1;61200;CROISSANTS;4314.0;144.0;;;;;4315;56;4316.0;88.0;;;4315.0;0.0
-1;61300;CROISSANTS;4315.0;132.0;;;;;4316;132;;;;;4315.5;0.0
-1;61400;CROISSANTS;4316.0;128.0;;;;;4317;128;;;;;4316.5;0.0
-1;61500;CROISSANTS;4315.0;145.0;;;;;4317;145;;;;;4316.0;0.0
-1;61600;CROISSANTS;4315.0;141.0;;;;;4317;141;;;;;4316.0;0.0
-1;61700;CROISSANTS;4315.0;138.0;;;;;4316;56;4317.0;82.0;;;4316.0;0.0
-1;61800;CROISSANTS;4316.0;64.0;4315.0;51.0;;;4317;115;;;;;4316.5;0.0
-1;61900;CROISSANTS;4316.0;120.0;;;;;4317;120;;;;;4316.5;0.0
-1;62000;CROISSANTS;4316.0;122.0;;;;;4317;39;4318.0;83.0;;;4317.0;0.0
-1;62100;CROISSANTS;4316.0;114.0;;;;;4318;114;;;;;4317.0;0.0
-1;62200;CROISSANTS;4318.0;152.0;;;;;4319;148;;;;;4318.5;0.0
-1;62300;CROISSANTS;4318.0;115.0;;;;;4319;58;4320.0;57.0;;;4318.5;0.0
-1;62400;CROISSANTS;4319.0;122.0;;;;;4320;122;;;;;4319.5;0.0
-1;62500;CROISSANTS;4319.0;152.0;;;;;4321;152;;;;;4320.0;0.0
-1;62600;CROISSANTS;4320.0;35.0;4319.0;57.0;;;4321;92;;;;;4320.0;0.0
-1;62700;CROISSANTS;4320.0;53.0;4319.0;69.0;;;4321;122;;;;;4320.0;0.0
-1;62800;CROISSANTS;4321.0;142.0;;;;;4322;142;;;;;4321.5;0.0
-1;62900;CROISSANTS;4322.0;9.0;4321.0;119.0;;;4323;119;;;;;4322.0;0.0
-1;63000;CROISSANTS;4322.0;56.0;4321.0;56.0;;;4323;112;;;;;4322.5;0.0
-1;63100;CROISSANTS;4321.0;131.0;;;;;4323;131;;;;;4322.0;0.0
-1;63200;CROISSANTS;4321.0;128.0;;;;;4322;38;4323.0;90.0;;;4322.0;0.0
-1;63300;CROISSANTS;4321.0;114.0;;;;;4322;55;4323.0;59.0;;;4322.0;0.0
-1;63400;CROISSANTS;4321.0;117.0;;;;;4323;117;;;;;4322.0;0.0
-1;63500;CROISSANTS;4322.0;122.0;;;;;4323;65;4324.0;57.0;;;4322.5;0.0
-1;63600;CROISSANTS;4322.0;98.0;;;;;4323;98;;;;;4322.5;0.0
-1;63700;CROISSANTS;4321.0;146.0;;;;;4322;53;4323.0;93.0;;;4322.0;0.0
-1;63800;CROISSANTS;4321.0;123.0;;;;;4322;59;4323.0;64.0;;;4322.0;0.0
-1;63900;CROISSANTS;4321.0;102.0;;;;;4323;102;;;;;4322.0;0.0
-1;64000;CROISSANTS;4322.0;65.0;4321.0;99.0;;;4323;164;;;;;4322.0;0.0
-1;64100;CROISSANTS;4322.0;121.0;;;;;4324;121;;;;;4323.0;0.0
-1;64200;CROISSANTS;4323.0;50.0;4322.0;55.0;;;4324;105;;;;;4323.0;0.0
-1;64300;CROISSANTS;4323.0;55.0;4322.0;61.0;;;4324;116;;;;;4323.0;0.0
-1;64400;CROISSANTS;4323.0;40.0;4322.0;50.0;;;4324;90;;;;;4323.0;0.0
-1;64500;CROISSANTS;4322.0;126.0;;;;;4324;126;;;;;4323.0;0.0
-1;64600;CROISSANTS;4323.0;38.0;4322.0;90.0;;;4324;128;;;;;4323.0;0.0
-1;64700;CROISSANTS;4323.0;160.0;;;;;4324;160;;;;;4323.5;0.0
-1;64800;CROISSANTS;4323.0;43.0;4322.0;78.0;;;4324;121;;;;;4323.0;0.0
-1;64900;CROISSANTS;4323.0;151.0;;;;;4324;61;4325.0;90.0;;;4324.0;0.0
-1;65000;CROISSANTS;4323.0;108.0;;;;;4324;108;;;;;4323.5;0.0
-1;65100;CROISSANTS;4322.0;127.0;;;;;4324;127;;;;;4323.0;0.0
-1;65200;CROISSANTS;4322.0;105.0;;;;;4324;105;;;;;4323.0;0.0
-1;65300;CROISSANTS;4322.0;120.0;;;;;4323;57;4324.0;63.0;;;4323.0;0.0
-1;65400;CROISSANTS;4323.0;46.0;4322.0;100.0;;;4324;146;;;;;4323.0;0.0
-1;65500;CROISSANTS;4323.0;48.0;4322.0;94.0;;;4324;142;;;;;4323.0;0.0
-1;65600;CROISSANTS;4323.0;112.0;;;;;4324;112;;;;;4323.5;0.0
-1;65700;CROISSANTS;4323.0;129.0;;;;;4324;129;;;;;4323.5;0.0
-1;65800;CROISSANTS;4322.0;105.0;;;;;4324;105;;;;;4323.0;0.0
-1;65900;CROISSANTS;4322.0;132.0;;;;;4323;132;;;;;4322.5;0.0
-1;66000;CROISSANTS;4322.0;138.0;;;;;4324;138;;;;;4323.0;0.0
-1;66100;CROISSANTS;4322.0;151.0;;;;;4323;65;4324.0;86.0;;;4323.0;0.0
-1;66200;CROISSANTS;4322.0;122.0;;;;;4324;122;;;;;4323.0;0.0
-1;66300;CROISSANTS;4323.0;45.0;4322.0;68.0;;;4324;113;;;;;4323.0;0.0
-1;66400;CROISSANTS;4322.0;87.0;;;;;4323;37;4324.0;50.0;;;4323.0;0.0
-1;66500;CROISSANTS;4322.0;155.0;;;;;4323;155;;;;;4322.5;0.0
-1;66600;CROISSANTS;4322.0;145.0;;;;;4323;64;4324.0;81.0;;;4323.0;0.0
-1;66700;CROISSANTS;4322.0;113.0;;;;;4323;47;4324.0;66.0;;;4323.0;0.0
-1;66800;CROISSANTS;4322.0;35.0;4321.0;79.0;;;4323;114;;;;;4322.0;0.0
-1;66900;CROISSANTS;4322.0;56.0;4321.0;66.0;;;4323;122;;;;;4322.0;0.0
-1;67000;CROISSANTS;4322.0;52.0;4321.0;75.0;;;4323;127;;;;;4322.0;0.0
-1;67100;CROISSANTS;4322.0;56.0;4321.0;92.0;;;4323;148;;;;;4322.0;0.0
-1;67200;CROISSANTS;4322.0;51.0;4321.0;94.0;;;4323;145;;;;;4322.0;0.0
-1;67300;CROISSANTS;4322.0;60.0;4321.0;94.0;;;4323;154;;;;;4322.0;0.0
-1;67400;CROISSANTS;4320.0;111.0;;;;;4322;111;;;;;4321.0;0.0
-1;67500;CROISSANTS;4321.0;52.0;4320.0;74.0;;;4322;126;;;;;4321.0;0.0
-1;67600;CROISSANTS;4321.0;87.0;;;;;4322;87;;;;;4321.5;0.0
-1;67700;CROISSANTS;4321.0;122.0;;;;;4322;37;4323.0;85.0;;;4322.0;0.0
-1;67800;CROISSANTS;4321.0;121.0;;;;;4323;121;;;;;4322.0;0.0
-1;67900;CROISSANTS;4321.0;119.0;;;;;4323;119;;;;;4322.0;0.0
-1;68000;CROISSANTS;4322.0;154.0;;;;;4323;154;;;;;4322.5;0.0
-1;68100;CROISSANTS;4322.0;134.0;;;;;4323;134;;;;;4322.5;0.0
-1;68200;CROISSANTS;4323.0;123.0;;;;;4324;123;;;;;4323.5;0.0
-1;68300;CROISSANTS;4323.0;141.0;;;;;4324;141;;;;;4323.5;0.0
-1;68400;CROISSANTS;4322.0;96.0;;;;;4324;96;;;;;4323.0;0.0
-1;68500;CROISSANTS;4323.0;88.0;;;;;4324;88;;;;;4323.5;0.0
-1;68600;CROISSANTS;4323.0;145.0;;;;;4324;57;4325.0;88.0;;;4324.0;0.0
-1;68700;CROISSANTS;4323.0;116.0;;;;;4324;116;;;;;4323.5;0.0
-1;68800;CROISSANTS;4323.0;41.0;4322.0;58.0;;;4324;99;;;;;4323.0;0.0
-1;68900;CROISSANTS;4323.0;131.0;;;;;4324;131;;;;;4323.5;0.0
-1;69000;CROISSANTS;4323.0;127.0;;;;;4324;43;4325.0;84.0;;;4324.0;0.0
-1;69100;CROISSANTS;4323.0;112.0;;;;;4325;112;;;;;4324.0;0.0
-1;69200;CROISSANTS;4323.0;139.0;;;;;4324;139;;;;;4323.5;0.0
-1;69300;CROISSANTS;4323.0;108.0;;;;;4324;108;;;;;4323.5;0.0
-1;69400;CROISSANTS;4323.0;114.0;;;;;4324;114;;;;;4323.5;0.0
-1;69500;CROISSANTS;4323.0;117.0;;;;;4324;56;4325.0;61.0;;;4324.0;0.0
-1;69600;CROISSANTS;4323.0;147.0;;;;;4324;54;4325.0;93.0;;;4324.0;0.0
-1;69700;CROISSANTS;4323.0;141.0;;;;;4324;141;;;;;4323.5;0.0
-1;69800;CROISSANTS;4323.0;46.0;4322.0;84.0;;;4324;130;;;;;4323.0;0.0
-1;69900;CROISSANTS;4323.0;121.0;;;;;4324;121;;;;;4323.5;0.0
-1;70000;CROISSANTS;4323.0;139.0;;;;;4324;139;;;;;4323.5;0.0
-1;70100;CROISSANTS;4323.0;157.0;;;;;4324;59;4325.0;98.0;;;4324.0;0.0
-1;70200;CROISSANTS;4323.0;103.0;;;;;4325;103;;;;;4324.0;0.0
-1;70300;CROISSANTS;4324.0;61.0;4323.0;93.0;;;4325;154;;;;;4324.0;0.0
-1;70400;CROISSANTS;4323.0;138.0;;;;;4325;138;;;;;4324.0;0.0
-1;70500;CROISSANTS;4324.0;125.0;;;;;4325;45;4326.0;84.0;;;4325.0;0.0
-1;70600;CROISSANTS;4324.0;108.0;;;;;4325;108;;;;;4324.5;0.0
-1;70700;CROISSANTS;4323.0;95.0;;;;;4325;95;;;;;4324.0;0.0
-1;70800;CROISSANTS;4323.0;124.0;;;;;4325;124;;;;;4324.0;0.0
-1;70900;CROISSANTS;4323.0;142.0;;;;;4325;142;;;;;4324.0;0.0
-1;71000;CROISSANTS;4324.0;145.0;;;;;4325;145;;;;;4324.5;0.0
-1;71100;CROISSANTS;4324.0;142.0;;;;;4325;55;4326.0;87.0;;;4325.0;0.0
-1;71200;CROISSANTS;4324.0;157.0;;;;;4325;157;;;;;4324.5;0.0
-1;71300;CROISSANTS;4324.0;144.0;;;;;4325;54;4326.0;90.0;;;4325.0;0.0
-1;71400;CROISSANTS;4325.0;122.0;;;;;4326;122;;;;;4325.5;0.0
-1;71500;CROISSANTS;4325.0;116.0;;;;;4326;116;;;;;4325.5;0.0
-1;71600;CROISSANTS;4325.0;115.0;;;;;4327;115;;;;;4326.0;0.0
-1;71700;CROISSANTS;4326.0;58.0;4325.0;88.0;;;4327;146;;;;;4326.0;0.0
-1;71800;CROISSANTS;4326.0;130.0;;;;;4327;120;;;;;4326.5;0.0
-1;71900;CROISSANTS;4326.0;113.0;;;;;4327;45;4328.0;68.0;;;4327.0;0.0
-1;72000;CROISSANTS;4326.0;115.0;;;;;4327;115;;;;;4326.5;0.0
-1;72100;CROISSANTS;4326.0;59.0;4325.0;78.0;;;4327;137;;;;;4326.0;0.0
-1;72200;CROISSANTS;4325.0;138.0;;;;;4327;138;;;;;4326.0;0.0
-1;72300;CROISSANTS;4325.0;130.0;;;;;4326;130;;;;;4325.5;0.0
-1;72400;CROISSANTS;4326.0;64.0;4325.0;66.0;;;4327;130;;;;;4326.0;0.0
-1;72500;CROISSANTS;4326.0;137.0;;;;;4327;137;;;;;4326.5;0.0
-1;72600;CROISSANTS;4325.0;65.0;4324.0;50.0;;;4326;115;;;;;4325.5;0.0
-1;72700;CROISSANTS;4325.0;140.0;;;;;4326;140;;;;;4325.5;0.0
-1;72800;CROISSANTS;4325.0;160.0;;;;;4326;61;4327.0;99.0;;;4326.0;0.0
-1;72900;CROISSANTS;4326.0;43.0;4325.0;82.0;;;4327;125;;;;;4326.0;0.0
-1;73000;CROISSANTS;4325.0;142.0;;;;;4327;142;;;;;4326.0;0.0
-1;73100;CROISSANTS;4325.0;115.0;;;;;4326;115;;;;;4325.5;0.0
-1;73200;CROISSANTS;4325.0;141.0;;;;;4327;141;;;;;4326.0;0.0
-1;73300;CROISSANTS;4324.0;95.0;;;;;4325;40;4326.0;55.0;;;4325.0;0.0
-1;73400;CROISSANTS;4325.0;103.0;;;;;4327;103;;;;;4326.0;0.0
-1;73500;CROISSANTS;4326.0;46.0;4325.0;75.0;;;4327;121;;;;;4326.0;0.0
-1;73600;CROISSANTS;4326.0;107.0;;;;;4327;107;;;;;4326.5;0.0
-1;73700;CROISSANTS;4326.0;35.0;4325.0;58.0;;;4327;93;;;;;4326.0;0.0
-1;73800;CROISSANTS;4326.0;39.0;4325.0;67.0;;;4327;106;;;;;4326.0;0.0
-1;73900;CROISSANTS;4326.0;98.0;;;;;4327;98;;;;;4326.5;0.0
-1;74000;CROISSANTS;4326.0;65.0;4325.0;52.0;;;4327;117;;;;;4326.5;0.0
-1;74100;CROISSANTS;4326.0;96.0;;;;;4327;96;;;;;4326.5;0.0
-1;74200;CROISSANTS;4326.0;60.0;4325.0;81.0;;;4327;141;;;;;4326.0;0.0
-1;74300;CROISSANTS;4325.0;101.0;;;;;4327;101;;;;;4326.0;0.0
-1;74400;CROISSANTS;4326.0;64.0;4325.0;55.0;;;4327;119;;;;;4326.5;0.0
-1;74500;CROISSANTS;4325.0;146.0;;;;;4327;146;;;;;4326.0;0.0
-1;74600;CROISSANTS;4325.0;148.0;;;;;4327;148;;;;;4326.0;0.0
-1;74700;CROISSANTS;4325.0;160.0;;;;;4326;61;4327.0;99.0;;;4326.0;0.0
-1;74800;CROISSANTS;4325.0;130.0;;;;;4326;41;4327.0;89.0;;;4326.0;0.0
-1;74900;CROISSANTS;4325.0;131.0;;;;;4327;131;;;;;4326.0;0.0
-1;75000;CROISSANTS;4325.0;105.0;;;;;4327;105;;;;;4326.0;0.0
-1;75100;CROISSANTS;4326.0;51.0;4325.0;75.0;;;4327;126;;;;;4326.0;0.0
-1;75200;CROISSANTS;4325.0;122.0;;;;;4327;122;;;;;4326.0;0.0
-1;75300;CROISSANTS;4326.0;107.0;;;;;4327;107;;;;;4326.5;0.0
-1;75400;CROISSANTS;4325.0;118.0;;;;;4326;118;;;;;4325.5;0.0
-1;75500;CROISSANTS;4325.0;123.0;;;;;4326;48;4327.0;75.0;;;4326.0;0.0
-1;75600;CROISSANTS;4325.0;114.0;;;;;4326;42;4327.0;72.0;;;4326.0;0.0
-1;75700;CROISSANTS;4325.0;52.0;4324.0;53.0;;;4326;105;;;;;4325.0;0.0
-1;75800;CROISSANTS;4325.0;60.0;4324.0;99.0;;;4326;159;;;;;4325.0;0.0
-1;75900;CROISSANTS;4325.0;39.0;4324.0;51.0;;;4326;90;;;;;4325.0;0.0
-1;76000;CROISSANTS;4325.0;140.0;;;;;4326;59;4327.0;81.0;;;4326.0;0.0
-1;76100;CROISSANTS;4325.0;136.0;;;;;4327;136;;;;;4326.0;0.0
-1;76200;CROISSANTS;4326.0;56.0;4325.0;51.0;;;4327;107;;;;;4326.5;0.0
-1;76300;CROISSANTS;4326.0;60.0;4325.0;74.0;;;4327;134;;;;;4326.0;0.0
-1;76400;CROISSANTS;4326.0;62.0;4325.0;93.0;;;4327;155;;;;;4326.0;0.0
-1;76500;CROISSANTS;4325.0;140.0;;;;;4327;140;;;;;4326.0;0.0
-1;76600;CROISSANTS;4326.0;38.0;4325.0;67.0;;;4327;105;;;;;4326.0;0.0
-1;76700;CROISSANTS;4326.0;107.0;;;;;4327;107;;;;;4326.5;0.0
-1;76800;CROISSANTS;4326.0;141.0;;;;;4327;41;4328.0;100.0;;;4327.0;0.0
-1;76900;CROISSANTS;4327.0;112.0;;;;;4328;50;4329.0;62.0;;;4328.0;0.0
-1;77000;CROISSANTS;4327.0;141.0;;;;;4329;141;;;;;4328.0;0.0
-1;77100;CROISSANTS;4327.0;157.0;;;;;4329;157;;;;;4328.0;0.0
-1;77200;CROISSANTS;4327.0;130.0;;;;;4328;43;4329.0;87.0;;;4328.0;0.0
-1;77300;CROISSANTS;4328.0;36.0;4327.0;61.0;;;4329;97;;;;;4328.0;0.0
-1;77400;CROISSANTS;4328.0;122.0;;;;;4329;122;;;;;4328.5;0.0
-1;77500;CROISSANTS;4328.0;115.0;;;;;4329;115;;;;;4328.5;0.0
-1;77600;CROISSANTS;4328.0;151.0;;;;;4329;151;;;;;4328.5;0.0
-1;77700;CROISSANTS;4328.0;136.0;;;;;4329;136;;;;;4328.5;0.0
-1;77800;CROISSANTS;4327.0;109.0;;;;;4329;109;;;;;4328.0;0.0
-1;77900;CROISSANTS;4327.0;144.0;;;;;4328;53;4329.0;91.0;;;4328.0;0.0
-1;78000;CROISSANTS;4327.0;126.0;;;;;4328;47;4329.0;79.0;;;4328.0;0.0
-1;78100;CROISSANTS;4327.0;129.0;;;;;4328;47;4329.0;73.0;;;4328.0;0.0
-1;78200;CROISSANTS;4328.0;43.0;4327.0;72.0;;;4329;115;;;;;4328.0;0.0
-1;78300;CROISSANTS;4328.0;54.0;4327.0;81.0;;;4329;135;;;;;4328.0;0.0
-1;78400;CROISSANTS;4327.0;128.0;;;;;4328;60;4329.0;68.0;;;4328.0;0.0
-1;78500;CROISSANTS;4327.0;130.0;;;;;4328;52;4329.0;78.0;;;4328.0;0.0
-1;78600;CROISSANTS;4327.0;137.0;;;;;4328;137;;;;;4327.5;0.0
-1;78700;CROISSANTS;4327.0;45.0;4326.0;50.0;;;4328;95;;;;;4327.0;0.0
-1;78800;CROISSANTS;4327.0;139.0;;;;;4328;37;4329.0;94.0;;;4328.0;0.0
-1;78900;CROISSANTS;4327.0;119.0;;;;;4328;55;4329.0;64.0;;;4328.0;0.0
-1;79000;CROISSANTS;4327.0;150.0;;;;;4328;63;4329.0;87.0;;;4328.0;0.0
-1;79100;CROISSANTS;4327.0;90.0;;;;;4328;39;4329.0;51.0;;;4328.0;0.0
-1;79200;CROISSANTS;4328.0;149.0;;;;;4329;149;;;;;4328.5;0.0
-1;79300;CROISSANTS;4328.0;126.0;;;;;4329;126;;;;;4328.5;0.0
-1;79400;CROISSANTS;4328.0;104.0;;;;;4329;104;;;;;4328.5;0.0
-1;79500;CROISSANTS;4328.0;155.0;;;;;4329;155;;;;;4328.5;0.0
-1;79600;CROISSANTS;4328.0;106.0;;;;;4329;106;;;;;4328.5;0.0
-1;79700;CROISSANTS;4328.0;92.0;;;;;4329;92;;;;;4328.5;0.0
-1;79800;CROISSANTS;4328.0;141.0;;;;;4329;46;4330.0;95.0;;;4329.0;0.0
-1;79900;CROISSANTS;4329.0;46.0;4328.0;81.0;;;4330;127;;;;;4329.0;0.0
-1;80000;CROISSANTS;4329.0;157.0;;;;;4330;157;;;;;4329.5;0.0
-1;80100;CROISSANTS;4329.0;119.0;;;;;4330;119;;;;;4329.5;0.0
-1;80200;CROISSANTS;4329.0;130.0;;;;;4330;38;4331.0;92.0;;;4330.0;0.0
-1;80300;CROISSANTS;4329.0;128.0;;;;;4330;56;4331.0;72.0;;;4330.0;0.0
-1;80400;CROISSANTS;4330.0;139.0;;;;;4331;139;;;;;4330.5;0.0
-1;80500;CROISSANTS;4330.0;139.0;;;;;4331;54;4332.0;85.0;;;4331.0;0.0
-1;80600;CROISSANTS;4331.0;125.0;;;;;4332;125;;;;;4331.5;0.0
-1;80700;CROISSANTS;4332.0;137.0;;;;;4333;56;4334.0;81.0;;;4333.0;0.0
-1;80800;CROISSANTS;4333.0;63.0;4332.0;94.0;;;4334;157;;;;;4333.0;0.0
-1;80900;CROISSANTS;4333.0;130.0;;;;;4334;40;4335.0;90.0;;;4334.0;0.0
-1;81000;CROISSANTS;4333.0;128.0;;;;;4335;128;;;;;4334.0;0.0
-1;81100;CROISSANTS;4333.0;92.0;;;;;4334;36;4335.0;56.0;;;4334.0;0.0
-1;81200;CROISSANTS;4333.0;155.0;;;;;4334;56;4335.0;99.0;;;4334.0;0.0
-1;81300;CROISSANTS;4334.0;39.0;4333.0;82.0;;;4335;121;;;;;4334.0;0.0
-1;81400;CROISSANTS;4334.0;59.0;4333.0;66.0;;;4335;125;;;;;4334.0;0.0
-1;81500;CROISSANTS;4334.0;43.0;4333.0;58.0;;;4335;101;;;;;4334.0;0.0
-1;81600;CROISSANTS;4335.0;156.0;;;;;4336;63;4337.0;93.0;;;4336.0;0.0
-1;81700;CROISSANTS;4335.0;104.0;;;;;4336;104;;;;;4335.5;0.0
-1;81800;CROISSANTS;4336.0;107.0;;;;;4337;107;;;;;4336.5;0.0
-1;81900;CROISSANTS;4335.0;113.0;;;;;4336;113;;;;;4335.5;0.0
-1;82000;CROISSANTS;4335.0;92.0;;;;;4336;92;;;;;4335.5;0.0
-1;82100;CROISSANTS;4334.0;126.0;;;;;4335;126;;;;;4334.5;0.0
-1;82200;CROISSANTS;4334.0;148.0;;;;;4335;62;4336.0;86.0;;;4335.0;0.0
-1;82300;CROISSANTS;4335.0;121.0;;;;;4336;121;;;;;4335.5;0.0
-1;82400;CROISSANTS;4334.0;120.0;;;;;4336;120;;;;;4335.0;0.0
-1;82500;CROISSANTS;4333.0;158.0;;;;;4334;158;;;;;4333.5;0.0
-1;82600;CROISSANTS;4333.0;118.0;;;;;4334;41;4335.0;77.0;;;4334.0;0.0
-1;82700;CROISSANTS;4333.0;114.0;;;;;4335;114;;;;;4334.0;0.0
-1;82800;CROISSANTS;4333.0;56.0;4332.0;77.0;;;4334;133;;;;;4333.0;0.0
-1;82900;CROISSANTS;4333.0;106.0;;;;;4334;51;4335.0;55.0;;;4334.0;0.0
-1;83000;CROISSANTS;4333.0;148.0;;;;;4334;148;;;;;4333.5;0.0
-1;83100;CROISSANTS;4334.0;119.0;;;;;4335;119;;;;;4334.5;0.0
-1;83200;CROISSANTS;4334.0;136.0;;;;;4335;136;;;;;4334.5;0.0
-1;83300;CROISSANTS;4333.0;129.0;;;;;4334;45;4335.0;84.0;;;4334.0;0.0
-1;83400;CROISSANTS;4333.0;109.0;;;;;4334;109;;;;;4333.5;0.0
-1;83500;CROISSANTS;4332.0;46.0;4331.0;72.0;;;4333;118;;;;;4332.0;0.0
-1;83600;CROISSANTS;4332.0;103.0;;;;;4333;103;;;;;4332.5;0.0
-1;83700;CROISSANTS;4332.0;139.0;;;;;4333;40;4334.0;99.0;;;4333.0;0.0
-1;83800;CROISSANTS;4332.0;113.0;;;;;4334;113;;;;;4333.0;0.0
-1;83900;CROISSANTS;4332.0;108.0;;;;;4333;51;4334.0;57.0;;;4333.0;0.0
-1;84000;CROISSANTS;4332.0;112.0;;;;;4333;61;4334.0;51.0;;;4332.5;0.0
-1;84100;CROISSANTS;4332.0;112.0;;;;;4334;112;;;;;4333.0;0.0
-1;84200;CROISSANTS;4332.0;146.0;;;;;4334;146;;;;;4333.0;0.0
-1;84300;CROISSANTS;4333.0;123.0;;;;;4334;123;;;;;4333.5;0.0
-1;84400;CROISSANTS;4332.0;117.0;;;;;4333;61;4334.0;56.0;;;4332.5;0.0
-1;84500;CROISSANTS;4332.0;139.0;;;;;4333;43;4334.0;96.0;;;4333.0;0.0
-1;84600;CROISSANTS;4332.0;146.0;;;;;4333;156;;;;;4332.5;0.0
-1;84700;CROISSANTS;4332.0;65.0;4331.0;85.0;;;4333;150;;;;;4332.0;0.0
-1;84800;CROISSANTS;4332.0;121.0;;;;;4333;121;;;;;4332.5;0.0
-1;84900;CROISSANTS;4332.0;46.0;4331.0;92.0;;;4333;138;;;;;4332.0;0.0
-1;85000;CROISSANTS;4332.0;62.0;4331.0;90.0;;;4333;152;;;;;4332.0;0.0
-1;85100;CROISSANTS;4331.0;116.0;;;;;4333;116;;;;;4332.0;0.0
-1;85200;CROISSANTS;4331.0;146.0;;;;;4333;146;;;;;4332.0;0.0
-1;85300;CROISSANTS;4332.0;49.0;4331.0;65.0;;;4333;114;;;;;4332.0;0.0
-1;85400;CROISSANTS;4331.0;136.0;;;;;4333;136;;;;;4332.0;0.0
-1;85500;CROISSANTS;4332.0;49.0;4331.0;85.0;;;4333;134;;;;;4332.0;0.0
-1;85600;CROISSANTS;4331.0;121.0;;;;;4333;121;;;;;4332.0;0.0
-1;85700;CROISSANTS;4332.0;55.0;4331.0;87.0;;;4333;146;;;;;4332.0;0.0
-1;85800;CROISSANTS;4332.0;59.0;4331.0;95.0;;;4333;154;;;;;4332.0;0.0
-1;85900;CROISSANTS;4332.0;56.0;4331.0;57.0;;;4333;108;;;;;4332.0;0.0
-1;86000;CROISSANTS;4331.0;114.0;;;;;4333;114;;;;;4332.0;0.0
-1;86100;CROISSANTS;4332.0;63.0;4331.0;92.0;;;4333;155;;;;;4332.0;0.0
-1;86200;CROISSANTS;4332.0;128.0;;;;;4333;128;;;;;4332.5;0.0
-1;86300;CROISSANTS;4332.0;141.0;;;;;4333;141;;;;;4332.5;0.0
-1;86400;CROISSANTS;4332.0;125.0;;;;;4333;37;4334.0;88.0;;;4333.0;0.0
-1;86500;CROISSANTS;4333.0;40.0;4332.0;58.0;;;4334;98;;;;;4333.0;0.0
-1;86600;CROISSANTS;4333.0;135.0;;;;;4334;135;;;;;4333.5;0.0
-1;86700;CROISSANTS;4332.0;112.0;;;;;4333;40;4334.0;72.0;;;4333.0;0.0
-1;86800;CROISSANTS;4332.0;127.0;;;;;4333;50;4334.0;77.0;;;4333.0;0.0
-1;86900;CROISSANTS;4332.0;137.0;;;;;4333;137;;;;;4332.5;0.0
-1;87000;CROISSANTS;4332.0;152.0;;;;;4333;58;4334.0;94.0;;;4333.0;0.0
-1;87100;CROISSANTS;4331.0;128.0;;;;;4333;128;;;;;4332.0;0.0
-1;87200;CROISSANTS;4332.0;60.0;4331.0;94.0;;;4333;154;;;;;4332.0;0.0
-1;87300;CROISSANTS;4332.0;56.0;4331.0;70.0;;;4333;126;;;;;4332.0;0.0
-1;87400;CROISSANTS;4332.0;122.0;;;;;4333;122;;;;;4332.5;0.0
-1;87500;CROISSANTS;4332.0;100.0;;;;;4333;47;4334.0;53.0;;;4333.0;0.0
-1;87600;CROISSANTS;4332.0;133.0;;;;;4333;133;;;;;4332.5;0.0
-1;87700;CROISSANTS;4332.0;102.0;;;;;4333;102;;;;;4332.5;0.0
-1;87800;CROISSANTS;4332.0;125.0;;;;;4333;54;4334.0;71.0;;;4333.0;0.0
-1;87900;CROISSANTS;4332.0;126.0;;;;;4333;44;4334.0;82.0;;;4333.0;0.0
-1;88000;CROISSANTS;4332.0;135.0;;;;;4333;135;;;;;4332.5;0.0
-1;88100;CROISSANTS;4332.0;123.0;;;;;4333;57;4334.0;66.0;;;4333.0;0.0
-1;88200;CROISSANTS;4332.0;135.0;;;;;4333;49;4334.0;86.0;;;4333.0;0.0
-1;88300;CROISSANTS;4332.0;89.0;;;;;4333;36;4334.0;53.0;;;4333.0;0.0
-1;88400;CROISSANTS;4332.0;41.0;4331.0;81.0;;;4333;128;;;;;4332.0;0.0
-1;88500;CROISSANTS;4332.0;58.0;4331.0;94.0;;;4333;152;;;;;4332.0;0.0
-1;88600;CROISSANTS;4332.0;56.0;4331.0;61.0;;;4333;113;;;;;4332.0;0.0
-1;88700;CROISSANTS;4331.0;127.0;;;;;4333;127;;;;;4332.0;0.0
-1;88800;CROISSANTS;4332.0;134.0;;;;;4333;134;;;;;4332.5;0.0
-1;88900;CROISSANTS;4332.0;109.0;;;;;4333;109;;;;;4332.5;0.0
-1;89000;CROISSANTS;4332.0;124.0;;;;;4333;124;;;;;4332.5;0.0
-1;89100;CROISSANTS;4332.0;127.0;;;;;4333;127;;;;;4332.5;0.0
-1;89200;CROISSANTS;4331.0;126.0;;;;;4333;126;;;;;4332.0;0.0
-1;89300;CROISSANTS;4331.0;124.0;;;;;4333;124;;;;;4332.0;0.0
-1;89400;CROISSANTS;4331.0;108.0;;;;;4333;108;;;;;4332.0;0.0
-1;89500;CROISSANTS;4331.0;102.0;;;;;4333;102;;;;;4332.0;0.0
-1;89600;CROISSANTS;4331.0;95.0;;;;;4333;95;;;;;4332.0;0.0
-1;89700;CROISSANTS;4332.0;50.0;4331.0;95.0;;;4333;145;;;;;4332.0;0.0
-1;89800;CROISSANTS;4331.0;57.0;4330.0;97.0;;;4332;162;;;;;4331.0;0.0
-1;89900;CROISSANTS;4331.0;36.0;4330.0;58.0;;;4332;94;;;;;4331.0;0.0
-1;90000;CROISSANTS;4331.0;97.0;;;;;4332;97;;;;;4331.5;0.0
-1;90100;CROISSANTS;4330.0;102.0;;;;;4332;102;;;;;4331.0;0.0
-1;90200;CROISSANTS;4330.0;129.0;;;;;4331;59;4332.0;70.0;;;4331.0;0.0
-1;90300;CROISSANTS;4330.0;37.0;4329.0;99.0;;;4331;136;;;;;4330.0;0.0
-1;90400;CROISSANTS;4330.0;110.0;;;;;4331;110;;;;;4330.5;0.0
-1;90500;CROISSANTS;4330.0;42.0;4329.0;55.0;;;4331;97;;;;;4330.0;0.0
-1;90600;CROISSANTS;4329.0;134.0;;;;;4330;125;;;;;4329.5;0.0
-1;90700;CROISSANTS;4329.0;109.0;;;;;4330;38;4331.0;71.0;;;4330.0;0.0
-1;90800;CROISSANTS;4329.0;146.0;;;;;4331;146;;;;;4330.0;0.0
-1;90900;CROISSANTS;4329.0;99.0;;;;;4330;45;4331.0;54.0;;;4330.0;0.0
-1;91000;CROISSANTS;4329.0;49.0;4328.0;86.0;;;4330;135;;;;;4329.0;0.0
-1;91100;CROISSANTS;4327.0;145.0;;;;;4328;48;4329.0;97.0;;;4328.0;0.0
-1;91200;CROISSANTS;4328.0;38.0;4327.0;83.0;;;4329;121;;;;;4328.0;0.0
-1;91300;CROISSANTS;4328.0;99.0;;;;;4329;99;;;;;4328.5;0.0
-1;91400;CROISSANTS;4328.0;133.0;;;;;4329;124;;;;;4328.5;0.0
-1;91500;CROISSANTS;4327.0;110.0;;;;;4329;110;;;;;4328.0;0.0
-1;91600;CROISSANTS;4327.0;143.0;;;;;4329;143;;;;;4328.0;0.0
-1;91700;CROISSANTS;4327.0;120.0;;;;;4329;120;;;;;4328.0;0.0
-1;91800;CROISSANTS;4328.0;106.0;;;;;4329;106;;;;;4328.5;0.0
-1;91900;CROISSANTS;4328.0;121.0;;;;;4329;121;;;;;4328.5;0.0
-1;92000;CROISSANTS;4329.0;58.0;4328.0;85.0;;;4330;143;;;;;4329.0;0.0
-1;92100;CROISSANTS;4328.0;124.0;;;;;4330;124;;;;;4329.0;0.0
-1;92200;CROISSANTS;4329.0;46.0;4328.0;69.0;;;4330;115;;;;;4329.0;0.0
-1;92300;CROISSANTS;4328.0;144.0;;;;;4329;144;;;;;4328.5;0.0
-1;92400;CROISSANTS;4328.0;106.0;;;;;4329;106;;;;;4328.5;0.0
-1;92500;CROISSANTS;4329.0;141.0;;;;;4330;59;4331.0;82.0;;;4330.0;0.0
-1;92600;CROISSANTS;4329.0;107.0;;;;;4330;44;4331.0;63.0;;;4330.0;0.0
-1;92700;CROISSANTS;4329.0;133.0;;;;;4330;65;4331.0;68.0;;;4330.0;0.0
-1;92800;CROISSANTS;4330.0;117.0;;;;;4331;49;4332.0;68.0;;;4331.0;0.0
-1;92900;CROISSANTS;4330.0;142.0;;;;;4331;58;4332.0;84.0;;;4331.0;0.0
-1;93000;CROISSANTS;4330.0;144.0;;;;;4332;144;;;;;4331.0;0.0
-1;93100;CROISSANTS;4330.0;146.0;;;;;4331;146;;;;;4330.5;0.0
-1;93200;CROISSANTS;4330.0;144.0;;;;;4331;144;;;;;4330.5;0.0
-1;93300;CROISSANTS;4330.0;129.0;;;;;4331;129;;;;;4330.5;0.0
-1;93400;CROISSANTS;4330.0;140.0;;;;;4331;140;;;;;4330.5;0.0
-1;93500;CROISSANTS;4330.0;164.0;;;;;4331;64;4332.0;100.0;;;4331.0;0.0
-1;93600;CROISSANTS;4330.0;160.0;;;;;4331;160;;;;;4330.5;0.0
-1;93700;CROISSANTS;4330.0;121.0;;;;;4332;121;;;;;4331.0;0.0
-1;93800;CROISSANTS;4330.0;147.0;;;;;4331;147;;;;;4330.5;0.0
-1;93900;CROISSANTS;4330.0;112.0;;;;;4331;54;4332.0;58.0;;;4331.0;0.0
-1;94000;CROISSANTS;4330.0;138.0;;;;;4331;138;;;;;4330.5;0.0
-1;94100;CROISSANTS;4329.0;94.0;;;;;4330;94;;;;;4329.5;0.0
-1;94200;CROISSANTS;4329.0;127.0;;;;;4330;127;;;;;4329.5;0.0
-1;94300;CROISSANTS;4329.0;48.0;4328.0;85.0;;;4330;133;;;;;4329.0;0.0
-1;94400;CROISSANTS;4329.0;105.0;;;;;4330;105;;;;;4329.5;0.0
-1;94500;CROISSANTS;4328.0;133.0;;;;;4329;40;4330.0;93.0;;;4329.0;0.0
-1;94600;CROISSANTS;4329.0;47.0;4328.0;82.0;;;4330;129;;;;;4329.0;0.0
-1;94700;CROISSANTS;4328.0;115.0;;;;;4330;115;;;;;4329.0;0.0
-1;94800;CROISSANTS;4329.0;121.0;;;;;4330;121;;;;;4329.5;0.0
-1;94900;CROISSANTS;4328.0;130.0;;;;;4330;130;;;;;4329.0;0.0
-1;95000;CROISSANTS;4329.0;101.0;;;;;4330;101;;;;;4329.5;0.0
-1;95100;CROISSANTS;4329.0;127.0;;;;;4330;117;;;;;4329.5;0.0
-1;95200;CROISSANTS;4329.0;115.0;;;;;4330;115;;;;;4329.5;0.0
-1;95300;CROISSANTS;4328.0;141.0;;;;;4330;141;;;;;4329.0;0.0
-1;95400;CROISSANTS;4328.0;136.0;;;;;4330;136;;;;;4329.0;0.0
-1;95500;CROISSANTS;4329.0;55.0;4328.0;71.0;;;4330;126;;;;;4329.0;0.0
-1;95600;CROISSANTS;4329.0;153.0;;;;;4330;153;;;;;4329.5;0.0
-1;95700;CROISSANTS;4329.0;94.0;;;;;4330;103;;;;;4329.5;0.0
-1;95800;CROISSANTS;4329.0;132.0;;;;;4330;132;;;;;4329.5;0.0
-1;95900;CROISSANTS;4329.0;144.0;;;;;4330;65;4331.0;79.0;;;4330.0;0.0
-1;96000;CROISSANTS;4329.0;109.0;;;;;4330;55;4331.0;54.0;;;4329.5;0.0
-1;96100;CROISSANTS;4329.0;126.0;;;;;4330;54;4331.0;72.0;;;4330.0;0.0
-1;96200;CROISSANTS;4329.0;128.0;;;;;4330;128;;;;;4329.5;0.0
-1;96300;CROISSANTS;4329.0;108.0;;;;;4330;41;4331.0;67.0;;;4330.0;0.0
-1;96400;CROISSANTS;4329.0;127.0;;;;;4330;47;4331.0;80.0;;;4330.0;0.0
-1;96500;CROISSANTS;4330.0;124.0;;;;;4331;65;4332.0;59.0;;;4330.5;0.0
-1;96600;CROISSANTS;4330.0;110.0;;;;;4331;119;;;;;4330.5;0.0
-1;96700;CROISSANTS;4330.0;127.0;;;;;4331;127;;;;;4330.5;0.0
-1;96800;CROISSANTS;4330.0;123.0;;;;;4331;123;;;;;4330.5;0.0
-1;96900;CROISSANTS;4330.0;85.0;;;;;4332;94;;;;;4331.0;0.0
-1;97000;CROISSANTS;4330.0;122.0;;;;;4332;122;;;;;4331.0;0.0
-1;97100;CROISSANTS;4331.0;109.0;;;;;4332;54;4333.0;55.0;;;4332.0;0.0
-1;97200;CROISSANTS;4331.0;131.0;;;;;4332;48;4333.0;83.0;;;4332.0;0.0
-1;97300;CROISSANTS;4332.0;60.0;4331.0;54.0;;;4333;114;;;;;4332.5;0.0
-1;97400;CROISSANTS;4332.0;120.0;;;;;4333;120;;;;;4332.5;0.0
-1;97500;CROISSANTS;4332.0;119.0;;;;;4333;119;;;;;4332.5;0.0
-1;97600;CROISSANTS;4332.0;128.0;;;;;4333;128;;;;;4332.5;0.0
-1;97700;CROISSANTS;4332.0;108.0;;;;;4333;108;;;;;4332.5;0.0
-1;97800;CROISSANTS;4331.0;94.0;;;;;4332;94;;;;;4331.5;0.0
-1;97900;CROISSANTS;4331.0;157.0;;;;;4332;62;4333.0;95.0;;;4332.0;0.0
-1;98000;CROISSANTS;4331.0;121.0;;;;;4332;40;4333.0;81.0;;;4332.0;0.0
-1;98100;CROISSANTS;4332.0;111.0;;;;;4333;111;;;;;4332.5;0.0
-1;98200;CROISSANTS;4332.0;152.0;;;;;4333;152;;;;;4332.5;0.0
-1;98300;CROISSANTS;4332.0;108.0;;;;;4333;108;;;;;4332.5;0.0
-1;98400;CROISSANTS;4332.0;143.0;;;;;4333;143;;;;;4332.5;0.0
-1;98500;CROISSANTS;4332.0;154.0;;;;;4333;154;;;;;4332.5;0.0
-1;98600;CROISSANTS;4332.0;114.0;;;;;4333;54;4334.0;60.0;;;4333.0;0.0
-1;98700;CROISSANTS;4332.0;102.0;;;;;4333;102;;;;;4332.5;0.0
-1;98800;CROISSANTS;4332.0;137.0;;;;;4333;57;4334.0;80.0;;;4333.0;0.0
-1;98900;CROISSANTS;4332.0;111.0;;;;;4333;42;4334.0;69.0;;;4333.0;0.0
-1;99000;CROISSANTS;4332.0;124.0;;;;;4334;124;;;;;4333.0;0.0
-1;99100;CROISSANTS;4332.0;146.0;;;;;4333;57;4334.0;89.0;;;4333.0;0.0
-1;99200;CROISSANTS;4332.0;38.0;4331.0;88.0;;;4333;126;;;;;4332.0;0.0
-1;99300;CROISSANTS;4332.0;53.0;4331.0;100.0;;;4333;153;;;;;4332.0;0.0
-1;99400;CROISSANTS;4332.0;90.0;;;;;4333;95;;;;;4332.5;0.0
-1;99500;CROISSANTS;4333.0;116.0;;;;;4334;116;;;;;4333.5;0.0
-1;99600;CROISSANTS;4333.0;108.0;;;;;4335;108;;;;;4334.0;0.0
-1;99700;CROISSANTS;4334.0;39.0;4333.0;64.0;;;4335;103;;;;;4334.0;0.0
-1;99800;CROISSANTS;4334.0;63.0;4333.0;83.0;;;4335;146;;;;;4334.0;0.0
-1;99900;CROISSANTS;4334.0;58.0;4333.0;52.0;;;4335;110;;;;;4334.5;0.0
-1;100000;CROISSANTS;4333.0;117.0;;;;;4335;117;;;;;4334.0;0.0
-1;100100;CROISSANTS;4333.0;125.0;;;;;4335;125;;;;;4334.0;0.0
-1;100200;CROISSANTS;4333.0;94.0;;;;;4334;94;;;;;4333.5;0.0
-1;100300;CROISSANTS;4334.0;48.0;4333.0;89.0;;;4335;137;;;;;4334.0;0.0
-1;100400;CROISSANTS;4333.0;132.0;;;;;4335;132;;;;;4334.0;0.0
-1;100500;CROISSANTS;4333.0;104.0;;;;;4334;44;4335.0;60.0;;;4334.0;0.0
-1;100600;CROISSANTS;4333.0;108.0;;;;;4334;39;4335.0;69.0;;;4334.0;0.0
-1;100700;CROISSANTS;4333.0;119.0;;;;;4334;119;;;;;4333.5;0.0
-1;100800;CROISSANTS;4333.0;129.0;;;;;4334;45;4335.0;84.0;;;4334.0;0.0
-1;100900;CROISSANTS;4333.0;103.0;;;;;4335;103;;;;;4334.0;0.0
-1;101000;CROISSANTS;4333.0;117.0;;;;;4335;117;;;;;4334.0;0.0
-1;101100;CROISSANTS;4333.0;138.0;;;;;4334;133;;;;;4333.5;0.0
-1;101200;CROISSANTS;4333.0;44.0;4332.0;67.0;;;4334;111;;;;;4333.0;0.0
-1;101300;CROISSANTS;4333.0;43.0;4332.0;77.0;;;4334;120;;;;;4333.0;0.0
-1;101400;CROISSANTS;4333.0;118.0;;;;;4334;118;;;;;4333.5;0.0
-1;101500;CROISSANTS;4333.0;140.0;;;;;4334;140;;;;;4333.5;0.0
-1;101600;CROISSANTS;4333.0;127.0;;;;;4334;127;;;;;4333.5;0.0
-1;101700;CROISSANTS;4333.0;121.0;;;;;4335;121;;;;;4334.0;0.0
-1;101800;CROISSANTS;4334.0;142.0;;;;;4335;142;;;;;4334.5;0.0
-1;101900;CROISSANTS;4333.0;154.0;;;;;4335;154;;;;;4334.0;0.0
-1;102000;CROISSANTS;4334.0;142.0;;;;;4335;142;;;;;4334.5;0.0
-1;102100;CROISSANTS;4334.0;47.0;4333.0;61.0;;;4335;108;;;;;4334.0;0.0
-1;102200;CROISSANTS;4334.0;57.0;4333.0;56.0;;;4335;113;;;;;4334.5;0.0
-1;102300;CROISSANTS;4334.0;35.0;4333.0;85.0;;;4335;120;;;;;4334.0;0.0
-1;102400;CROISSANTS;4334.0;95.0;;;;;4335;39;4336.0;56.0;;;4335.0;0.0
-1;102500;CROISSANTS;4334.0;132.0;;;;;4336;132;;;;;4335.0;0.0
-1;102600;CROISSANTS;4334.0;125.0;;;;;4336;125;;;;;4335.0;0.0
-1;102700;CROISSANTS;4335.0;40.0;4334.0;68.0;;;4336;108;;;;;4335.0;0.0
-1;102800;CROISSANTS;4335.0;35.0;4334.0;70.0;;;4336;105;;;;;4335.0;0.0
-1;102900;CROISSANTS;4335.0;36.0;4334.0;57.0;;;4336;93;;;;;4335.0;0.0
-1;103000;CROISSANTS;4335.0;59.0;4334.0;77.0;;;4336;136;;;;;4335.0;0.0
-1;103100;CROISSANTS;4335.0;54.0;4334.0;81.0;;;4336;135;;;;;4335.0;0.0
-1;103200;CROISSANTS;4335.0;158.0;;;;;4336;158;;;;;4335.5;0.0
-1;103300;CROISSANTS;4335.0;52.0;4334.0;53.0;;;4336;105;;;;;4335.0;0.0
-1;103400;CROISSANTS;4335.0;49.0;4334.0;69.0;;;4336;118;;;;;4335.0;0.0
-1;103500;CROISSANTS;4335.0;114.0;;;;;4336;5;4337.0;114.0;;;4336.0;0.0
-1;103600;CROISSANTS;4335.0;111.0;;;;;4337;111;;;;;4336.0;0.0
-1;103700;CROISSANTS;4336.0;145.0;;;;;4337;145;;;;;4336.5;0.0
-1;103800;CROISSANTS;4335.0;119.0;;;;;4336;119;;;;;4335.5;0.0
-1;103900;CROISSANTS;4335.0;147.0;;;;;4336;147;;;;;4335.5;0.0
-1;104000;CROISSANTS;4334.0;135.0;;;;;4336;135;;;;;4335.0;0.0
-1;104100;CROISSANTS;4334.0;96.0;;;;;4335;45;4336.0;51.0;;;4335.0;0.0
-1;104200;CROISSANTS;4334.0;128.0;;;;;4336;128;;;;;4335.0;0.0
-1;104300;CROISSANTS;4334.0;107.0;;;;;4335;107;;;;;4334.5;0.0
-1;104400;CROISSANTS;4333.0;112.0;;;;;4335;112;;;;;4334.0;0.0
-1;104500;CROISSANTS;4334.0;56.0;4333.0;54.0;;;4335;110;;;;;4334.5;0.0
-1;104600;CROISSANTS;4334.0;135.0;;;;;4336;135;;;;;4335.0;0.0
-1;104700;CROISSANTS;4334.0;137.0;;;;;4336;137;;;;;4335.0;0.0
-1;104800;CROISSANTS;4335.0;136.0;;;;;4336;136;;;;;4335.5;0.0
-1;104900;CROISSANTS;4335.0;126.0;;;;;4336;126;;;;;4335.5;0.0
-1;105000;CROISSANTS;4335.0;133.0;;;;;4336;133;;;;;4335.5;0.0
-1;105100;CROISSANTS;4335.0;44.0;4334.0;63.0;;;4336;107;;;;;4335.0;0.0
-1;105200;CROISSANTS;4334.0;138.0;;;;;4336;138;;;;;4335.0;0.0
-1;105300;CROISSANTS;4334.0;99.0;;;;;4335;99;;;;;4334.5;0.0
-1;105400;CROISSANTS;4334.0;132.0;;;;;4335;132;;;;;4334.5;0.0
-1;105500;CROISSANTS;4334.0;111.0;;;;;4336;111;;;;;4335.0;0.0
-1;105600;CROISSANTS;4334.0;117.0;;;;;4336;117;;;;;4335.0;0.0
-1;105700;CROISSANTS;4335.0;127.0;;;;;4336;127;;;;;4335.5;0.0
-1;105800;CROISSANTS;4335.0;131.0;;;;;4336;53;4337.0;78.0;;;4336.0;0.0
-1;105900;CROISSANTS;4335.0;142.0;;;;;4336;142;;;;;4335.5;0.0
-1;106000;CROISSANTS;4335.0;131.0;;;;;4337;131;;;;;4336.0;0.0
-1;106100;CROISSANTS;4336.0;119.0;;;;;4337;119;;;;;4336.5;0.0
-1;106200;CROISSANTS;4335.0;116.0;;;;;4336;39;4337.0;71.0;;;4336.0;0.0
-1;106300;CROISSANTS;4335.0;130.0;;;;;4336;64;4337.0;66.0;;;4336.0;0.0
-1;106400;CROISSANTS;4336.0;133.0;;;;;4337;133;;;;;4336.5;0.0
-1;106500;CROISSANTS;4336.0;138.0;;;;;4337;138;;;;;4336.5;0.0
-1;106600;CROISSANTS;4336.0;138.0;;;;;4337;138;;;;;4336.5;0.0
-1;106700;CROISSANTS;4336.0;116.0;;;;;4337;116;;;;;4336.5;0.0
-1;106800;CROISSANTS;4337.0;45.0;4336.0;81.0;;;4338;126;;;;;4337.0;0.0
-1;106900;CROISSANTS;4336.0;100.0;;;;;4337;40;4338.0;60.0;;;4337.0;0.0
-1;107000;CROISSANTS;4336.0;131.0;;;;;4337;57;4338.0;74.0;;;4337.0;0.0
-1;107100;CROISSANTS;4336.0;99.0;;;;;4338;99;;;;;4337.0;0.0
-1;107200;CROISSANTS;4336.0;131.0;;;;;4338;131;;;;;4337.0;0.0
-1;107300;CROISSANTS;4336.0;108.0;;;;;4337;44;4338.0;64.0;;;4337.0;0.0
-1;107400;CROISSANTS;4337.0;61.0;4336.0;51.0;;;4338;112;;;;;4337.5;0.0
-1;107500;CROISSANTS;4336.0;140.0;;;;;4338;140;;;;;4337.0;0.0
-1;107600;CROISSANTS;4337.0;64.0;4336.0;54.0;;;4338;118;;;;;4337.5;0.0
-1;107700;CROISSANTS;4336.0;120.0;;;;;4338;120;;;;;4337.0;0.0
-1;107800;CROISSANTS;4337.0;40.0;4336.0;82.0;;;4338;122;;;;;4337.0;0.0
-1;107900;CROISSANTS;4336.0;144.0;;;;;4338;144;;;;;4337.0;0.0
-1;108000;CROISSANTS;4337.0;116.0;;;;;4338;116;;;;;4337.5;0.0
-1;108100;CROISSANTS;4338.0;133.0;;;;;4339;133;;;;;4338.5;0.0
-1;108200;CROISSANTS;4338.0;158.0;;;;;4339;158;;;;;4338.5;0.0
-1;108300;CROISSANTS;4338.0;108.0;;;;;4339;108;;;;;4338.5;0.0
-1;108400;CROISSANTS;4337.0;101.0;;;;;4339;101;;;;;4338.0;0.0
-1;108500;CROISSANTS;4337.0;132.0;;;;;4339;132;;;;;4338.0;0.0
-1;108600;CROISSANTS;4337.0;117.0;;;;;4339;117;;;;;4338.0;0.0
-1;108700;CROISSANTS;4337.0;145.0;;;;;4338;48;4339.0;97.0;;;4338.0;0.0
-1;108800;CROISSANTS;4337.0;107.0;;;;;4338;107;;;;;4337.5;0.0
-1;108900;CROISSANTS;4337.0;115.0;;;;;4338;115;;;;;4337.5;0.0
-1;109000;CROISSANTS;4337.0;127.0;;;;;4338;48;4339.0;79.0;;;4338.0;0.0
-1;109100;CROISSANTS;4337.0;134.0;;;;;4338;59;4339.0;75.0;;;4338.0;0.0
-1;109200;CROISSANTS;4337.0;138.0;;;;;4338;55;4339.0;83.0;;;4338.0;0.0
-1;109300;CROISSANTS;4336.0;122.0;;;;;4337;122;;;;;4336.5;0.0
-1;109400;CROISSANTS;4336.0;101.0;;;;;4337;101;;;;;4336.5;0.0
-1;109500;CROISSANTS;4336.0;109.0;;;;;4337;109;;;;;4336.5;0.0
-1;109600;CROISSANTS;4336.0;135.0;;;;;4337;62;4338.0;64.0;;;4337.0;0.0
-1;109700;CROISSANTS;4336.0;133.0;;;;;4337;128;;;;;4336.5;0.0
-1;109800;CROISSANTS;4336.0;111.0;;;;;4337;111;;;;;4336.5;0.0
-1;109900;CROISSANTS;4336.0;134.0;;;;;4337;134;;;;;4336.5;0.0
-1;110000;CROISSANTS;4336.0;132.0;;;;;4338;122;;;;;4337.0;0.0
-1;110100;CROISSANTS;4336.0;140.0;;;;;4337;140;;;;;4336.5;0.0
-1;110200;CROISSANTS;4336.0;169.0;;;;;4337;160;;;;;4336.5;0.0
-1;110300;CROISSANTS;4336.0;94.0;;;;;4337;94;;;;;4336.5;0.0
-1;110400;CROISSANTS;4336.0;154.0;;;;;4337;154;;;;;4336.5;0.0
-1;110500;CROISSANTS;4335.0;52.0;4334.0;59.0;;;4336;111;;;;;4335.0;0.0
-1;110600;CROISSANTS;4334.0;109.0;;;;;4335;44;4336.0;65.0;;;4335.0;0.0
-1;110700;CROISSANTS;4334.0;136.0;;;;;4336;136;;;;;4335.0;0.0
-1;110800;CROISSANTS;4335.0;148.0;;;;;4336;148;;;;;4335.5;0.0
-1;110900;CROISSANTS;4335.0;59.0;4334.0;68.0;;;4336;119;;;;;4335.0;0.0
-1;111000;CROISSANTS;4335.0;123.0;;;;;4336;123;;;;;4335.5;0.0
-1;111100;CROISSANTS;4335.0;45.0;4334.0;66.0;;;4336;111;;;;;4335.0;0.0
-1;111200;CROISSANTS;4335.0;45.0;4334.0;65.0;;;4336;110;;;;;4335.0;0.0
-1;111300;CROISSANTS;4334.0;108.0;;;;;4335;108;;;;;4334.5;0.0
-1;111400;CROISSANTS;4334.0;120.0;;;;;4335;120;;;;;4334.5;0.0
-1;111500;CROISSANTS;4334.0;141.0;;;;;4335;141;;;;;4334.5;0.0
-1;111600;CROISSANTS;4334.0;44.0;4333.0;75.0;;;4335;119;;;;;4334.0;0.0
-1;111700;CROISSANTS;4333.0;130.0;;;;;4334;130;;;;;4333.5;0.0
-1;111800;CROISSANTS;4333.0;129.0;;;;;4335;129;;;;;4334.0;0.0
-1;111900;CROISSANTS;4333.0;95.0;;;;;4335;95;;;;;4334.0;0.0
-1;112000;CROISSANTS;4333.0;150.0;;;;;4334;150;;;;;4333.5;0.0
-1;112100;CROISSANTS;4334.0;114.0;;;;;4335;114;;;;;4334.5;0.0
-1;112200;CROISSANTS;4334.0;142.0;;;;;4335;47;4336.0;95.0;;;4335.0;0.0
-1;112300;CROISSANTS;4334.0;138.0;;;;;4335;48;4336.0;90.0;;;4335.0;0.0
-1;112400;CROISSANTS;4334.0;108.0;;;;;4335;108;;;;;4334.5;0.0
-1;112500;CROISSANTS;4334.0;135.0;;;;;4336;128;;;;;4335.0;0.0
-1;112600;CROISSANTS;4334.0;107.0;;;;;4336;107;;;;;4335.0;0.0
-1;112700;CROISSANTS;4334.0;112.0;;;;;4335;5;4336.0;112.0;;;4335.0;0.0
-1;112800;CROISSANTS;4334.0;111.0;;;;;4336;111;;;;;4335.0;0.0
-1;112900;CROISSANTS;4335.0;131.0;;;;;4336;131;;;;;4335.5;0.0
-1;113000;CROISSANTS;4335.0;45.0;4334.0;57.0;;;4336;102;;;;;4335.0;0.0
-1;113100;CROISSANTS;4335.0;137.0;;;;;4336;137;;;;;4335.5;0.0
-1;113200;CROISSANTS;4335.0;125.0;;;;;4336;48;4337.0;77.0;;;4336.0;0.0
-1;113300;CROISSANTS;4335.0;115.0;;;;;4336;115;;;;;4335.5;0.0
-1;113400;CROISSANTS;4335.0;143.0;;;;;4337;143;;;;;4336.0;0.0
-1;113500;CROISSANTS;4337.0;57.0;4336.0;84.0;;;4338;141;;;;;4337.0;0.0
-1;113600;CROISSANTS;4337.0;134.0;;;;;4338;134;;;;;4337.5;0.0
-1;113700;CROISSANTS;4337.0;122.0;;;;;4338;55;4339.0;67.0;;;4338.0;0.0
-1;113800;CROISSANTS;4337.0;134.0;;;;;4338;58;4339.0;76.0;;;4338.0;0.0
-1;113900;CROISSANTS;4337.0;89.0;;;;;4339;98;;;;;4338.0;0.0
-1;114000;CROISSANTS;4338.0;118.0;;;;;4339;39;4340.0;79.0;;;4339.0;0.0
-1;114100;CROISSANTS;4338.0;137.0;;;;;4339;39;4340.0;98.0;;;4339.0;0.0
-1;114200;CROISSANTS;4338.0;111.0;;;;;4339;111;;;;;4338.5;0.0
-1;114300;CROISSANTS;4338.0;100.0;;;;;4339;100;;;;;4338.5;0.0
-1;114400;CROISSANTS;4338.0;59.0;4337.0;67.0;;;4339;126;;;;;4338.0;0.0
-1;114500;CROISSANTS;4337.0;115.0;;;;;4339;115;;;;;4338.0;0.0
-1;114600;CROISSANTS;4337.0;113.0;;;;;4339;113;;;;;4338.0;0.0
-1;114700;CROISSANTS;4338.0;59.0;4337.0;54.0;;;4339;113;;;;;4338.5;0.0
-1;114800;CROISSANTS;4338.0;45.0;4337.0;61.0;;;4339;106;;;;;4338.0;0.0
-1;114900;CROISSANTS;4337.0;105.0;;;;;4339;105;;;;;4338.0;0.0
-1;115000;CROISSANTS;4338.0;137.0;;;;;4339;137;;;;;4338.5;0.0
-1;115100;CROISSANTS;4337.0;109.0;;;;;4339;109;;;;;4338.0;0.0
-1;115200;CROISSANTS;4337.0;108.0;;;;;4339;108;;;;;4338.0;0.0
-1;115300;CROISSANTS;4337.0;97.0;;;;;4338;40;4339.0;57.0;;;4338.0;0.0
-1;115400;CROISSANTS;4337.0;148.0;;;;;4339;148;;;;;4338.0;0.0
-1;115500;CROISSANTS;4337.0;90.0;;;;;4338;90;;;;;4337.5;0.0
-1;115600;CROISSANTS;4337.0;140.0;;;;;4338;49;4339.0;91.0;;;4338.0;0.0
-1;115700;CROISSANTS;4337.0;154.0;;;;;4338;65;4339.0;89.0;;;4338.0;0.0
-1;115800;CROISSANTS;4337.0;119.0;;;;;4338;38;4339.0;81.0;;;4338.0;0.0
-1;115900;CROISSANTS;4337.0;142.0;;;;;4338;58;4339.0;84.0;;;4338.0;0.0
-1;116000;CROISSANTS;4337.0;93.0;;;;;4339;93;;;;;4338.0;0.0
-1;116100;CROISSANTS;4337.0;132.0;;;;;4338;55;4339.0;77.0;;;4338.0;0.0
-1;116200;CROISSANTS;4337.0;106.0;;;;;4339;106;;;;;4338.0;0.0
-1;116300;CROISSANTS;4338.0;109.0;;;;;4339;43;4340.0;66.0;;;4339.0;0.0
-1;116400;CROISSANTS;4338.0;141.0;;;;;4339;61;4340.0;80.0;;;4339.0;0.0
-1;116500;CROISSANTS;4338.0;114.0;;;;;4340;114;;;;;4339.0;0.0
-1;116600;CROISSANTS;4338.0;127.0;;;;;4339;45;4340.0;86.0;;;4339.0;0.0
-1;116700;CROISSANTS;4338.0;146.0;;;;;4340;146;;;;;4339.0;0.0
-1;116800;CROISSANTS;4338.0;136.0;;;;;4339;45;4340.0;91.0;;;4339.0;0.0
-1;116900;CROISSANTS;4338.0;56.0;4337.0;86.0;;;4339;142;;;;;4338.0;0.0
-1;117000;CROISSANTS;4338.0;46.0;4337.0;56.0;;;4339;102;;;;;4338.0;0.0
-1;117100;CROISSANTS;4338.0;131.0;;;;;4339;131;;;;;4338.5;0.0
-1;117200;CROISSANTS;4338.0;141.0;;;;;4339;141;;;;;4338.5;0.0
-1;117300;CROISSANTS;4338.0;112.0;;;;;4339;112;;;;;4338.5;0.0
-1;117400;CROISSANTS;4338.0;117.0;;;;;4339;117;;;;;4338.5;0.0
-1;117500;CROISSANTS;4338.0;103.0;;;;;4340;103;;;;;4339.0;0.0
-1;117600;CROISSANTS;4338.0;150.0;;;;;4340;150;;;;;4339.0;0.0
-1;117700;CROISSANTS;4338.0;126.0;;;;;4339;36;4340.0;90.0;;;4339.0;0.0
-1;117800;CROISSANTS;4338.0;99.0;;;;;4339;49;4340.0;50.0;;;4339.0;0.0
-1;117900;CROISSANTS;4338.0;124.0;;;;;4339;57;4340.0;67.0;;;4339.0;0.0
-1;118000;CROISSANTS;4338.0;138.0;;;;;4339;138;;;;;4338.5;0.0
-1;118100;CROISSANTS;4338.0;147.0;;;;;4340;147;;;;;4339.0;0.0
-1;118200;CROISSANTS;4338.0;128.0;;;;;4340;128;;;;;4339.0;0.0
-1;118300;CROISSANTS;4338.0;132.0;;;;;4339;46;4340.0;86.0;;;4339.0;0.0
-1;118400;CROISSANTS;4338.0;115.0;;;;;4339;53;4340.0;62.0;;;4339.0;0.0
-1;118500;CROISSANTS;4338.0;110.0;;;;;4339;39;4340.0;71.0;;;4339.0;0.0
-1;118600;CROISSANTS;4338.0;119.0;;;;;4340;119;;;;;4339.0;0.0
-1;118700;CROISSANTS;4338.0;102.0;;;;;4340;102;;;;;4339.0;0.0
-1;118800;CROISSANTS;4338.0;96.0;;;;;4339;43;4340.0;53.0;;;4339.0;0.0
-1;118900;CROISSANTS;4339.0;104.0;;;;;4340;104;;;;;4339.5;0.0
-1;119000;CROISSANTS;4339.0;131.0;;;;;4340;131;;;;;4339.5;0.0
-1;119100;CROISSANTS;4339.0;111.0;;;;;4340;111;;;;;4339.5;0.0
-1;119200;CROISSANTS;4339.0;112.0;;;;;4340;112;;;;;4339.5;0.0
-1;119300;CROISSANTS;4339.0;113.0;;;;;4340;113;;;;;4339.5;0.0
-1;119400;CROISSANTS;4339.0;89.0;;;;;4340;89;;;;;4339.5;0.0
-1;119500;CROISSANTS;4339.0;44.0;4338.0;75.0;;;4340;119;;;;;4339.0;0.0
-1;119600;CROISSANTS;4339.0;129.0;;;;;4340;129;;;;;4339.5;0.0
-1;119700;CROISSANTS;4338.0;125.0;;;;;4340;125;;;;;4339.0;0.0
-1;119800;CROISSANTS;4339.0;41.0;4338.0;92.0;;;4340;133;;;;;4339.0;0.0
-1;119900;CROISSANTS;4339.0;128.0;;;;;4340;128;;;;;4339.5;0.0
-1;120000;CROISSANTS;4339.0;132.0;;;;;4340;132;;;;;4339.5;0.0
-1;120100;CROISSANTS;4339.0;51.0;4338.0;78.0;;;4340;129;;;;;4339.0;0.0
-1;120200;CROISSANTS;4338.0;121.0;;;;;4340;121;;;;;4339.0;0.0
-1;120300;CROISSANTS;4338.0;53.0;4337.0;75.0;;;4339;128;;;;;4338.0;0.0
-1;120400;CROISSANTS;4338.0;58.0;4337.0;58.0;;;4339;116;;;;;4338.5;0.0
-1;120500;CROISSANTS;4337.0;104.0;;;;;4339;104;;;;;4338.0;0.0
-1;120600;CROISSANTS;4338.0;63.0;4337.0;84.0;;;4339;147;;;;;4338.0;0.0
-1;120700;CROISSANTS;4338.0;124.0;;;;;4340;124;;;;;4339.0;0.0
-1;120800;CROISSANTS;4339.0;46.0;4338.0;54.0;;;4340;94;;;;;4339.0;0.0
-1;120900;CROISSANTS;4339.0;108.0;;;;;4340;108;;;;;4339.5;0.0
-1;121000;CROISSANTS;4339.0;109.0;;;;;4340;109;;;;;4339.5;0.0
-1;121100;CROISSANTS;4339.0;53.0;4338.0;57.0;;;4340;110;;;;;4339.0;0.0
-1;121200;CROISSANTS;4338.0;117.0;;;;;4340;117;;;;;4339.0;0.0
-1;121300;CROISSANTS;4339.0;50.0;4338.0;86.0;;;4340;136;;;;;4339.0;0.0
-1;121400;CROISSANTS;4338.0;110.0;;;;;4339;4;4340.0;110.0;;;4339.0;0.0
-1;121500;CROISSANTS;4338.0;91.0;;;;;4339;91;;;;;4338.5;0.0
-1;121600;CROISSANTS;4338.0;120.0;;;;;4339;52;4340.0;68.0;;;4339.0;0.0
-1;121700;CROISSANTS;4339.0;60.0;4338.0;60.0;;;4340;120;;;;;4339.5;0.0
-1;121800;CROISSANTS;4339.0;59.0;4338.0;55.0;;;4340;114;;;;;4339.5;0.0
-1;121900;CROISSANTS;4339.0;38.0;4338.0;57.0;;;4340;95;;;;;4339.0;0.0
-1;122000;CROISSANTS;4338.0;104.0;;;;;4340;104;;;;;4339.0;0.0
-1;122100;CROISSANTS;4338.0;110.0;;;;;4340;110;;;;;4339.0;0.0
-1;122200;CROISSANTS;4339.0;37.0;4338.0;77.0;;;4340;114;;;;;4339.0;0.0
-1;122300;CROISSANTS;4339.0;47.0;4338.0;60.0;;;4340;107;;;;;4339.0;0.0
-1;122400;CROISSANTS;4339.0;47.0;4338.0;100.0;;;4340;147;;;;;4339.0;0.0
-1;122500;CROISSANTS;4338.0;157.0;;;;;4339;58;4340.0;99.0;;;4339.0;0.0
-1;122600;CROISSANTS;4338.0;129.0;;;;;4340;129;;;;;4339.0;0.0
-1;122700;CROISSANTS;4338.0;127.0;;;;;4340;127;;;;;4339.0;0.0
-1;122800;CROISSANTS;4339.0;55.0;4338.0;56.0;;;4340;111;;;;;4339.0;0.0
-1;122900;CROISSANTS;4338.0;148.0;;;;;4340;148;;;;;4339.0;0.0
-1;123000;CROISSANTS;4338.0;117.0;;;;;4339;36;4340.0;81.0;;;4339.0;0.0
-1;123100;CROISSANTS;4338.0;136.0;;;;;4339;47;4340.0;89.0;;;4339.0;0.0
-1;123200;CROISSANTS;4338.0;62.0;4337.0;97.0;;;4339;159;;;;;4338.0;0.0
-1;123300;CROISSANTS;4338.0;57.0;4337.0;77.0;;;4339;134;;;;;4338.0;0.0
-1;123400;CROISSANTS;4337.0;124.0;;;;;4338;47;4339.0;77.0;;;4338.0;0.0
-1;123500;CROISSANTS;4338.0;109.0;;;;;4340;109;;;;;4339.0;0.0
-1;123600;CROISSANTS;4338.0;98.0;;;;;4339;42;4340.0;56.0;;;4339.0;0.0
-1;123700;CROISSANTS;4338.0;129.0;;;;;4339;46;4340.0;77.0;;;4339.0;0.0
-1;123800;CROISSANTS;4338.0;129.0;;;;;4339;129;;;;;4338.5;0.0
-1;123900;CROISSANTS;4338.0;124.0;;;;;4339;65;4340.0;59.0;;;4338.5;0.0
-1;124000;CROISSANTS;4338.0;120.0;;;;;4339;120;;;;;4338.5;0.0
-1;124100;CROISSANTS;4338.0;149.0;;;;;4339;57;4340.0;92.0;;;4339.0;0.0
-1;124200;CROISSANTS;4338.0;110.0;;;;;4339;41;4340.0;69.0;;;4339.0;0.0
-1;124300;CROISSANTS;4338.0;134.0;;;;;4339;65;4340.0;69.0;;;4339.0;0.0
-1;124400;CROISSANTS;4339.0;66.0;4338.0;78.0;;;4340;135;;;;;4339.0;0.0
-1;124500;CROISSANTS;4339.0;117.0;;;;;4340;117;;;;;4339.5;0.0
-1;124600;CROISSANTS;4339.0;105.0;;;;;4340;105;;;;;4339.5;0.0
-1;124700;CROISSANTS;4339.0;117.0;;;;;4340;117;;;;;4339.5;0.0
-1;124800;CROISSANTS;4339.0;110.0;;;;;4340;46;4341.0;64.0;;;4340.0;0.0
-1;124900;CROISSANTS;4339.0;87.0;;;;;4340;87;;;;;4339.5;0.0
-1;125000;CROISSANTS;4340.0;125.0;;;;;4341;125;;;;;4340.5;0.0
-1;125100;CROISSANTS;4340.0;55.0;4339.0;78.0;;;4341;133;;;;;4340.0;0.0
-1;125200;CROISSANTS;4340.0;52.0;4339.0;91.0;;;4341;143;;;;;4340.0;0.0
-1;125300;CROISSANTS;4339.0;121.0;;;;;4340;64;4341.0;57.0;;;4339.5;0.0
-1;125400;CROISSANTS;4339.0;126.0;;;;;4340;126;;;;;4339.5;0.0
-1;125500;CROISSANTS;4338.0;147.0;;;;;4339;147;;;;;4338.5;0.0
-1;125600;CROISSANTS;4338.0;116.0;;;;;4339;59;4340.0;57.0;;;4338.5;0.0
-1;125700;CROISSANTS;4338.0;122.0;;;;;4339;122;;;;;4338.5;0.0
-1;125800;CROISSANTS;4338.0;104.0;;;;;4339;36;4340.0;68.0;;;4339.0;0.0
-1;125900;CROISSANTS;4338.0;61.0;4337.0;86.0;;;4339;147;;;;;4338.0;0.0
-1;126000;CROISSANTS;4336.0;121.0;;;;;4337;51;4338.0;70.0;;;4337.0;0.0
-1;126100;CROISSANTS;4336.0;110.0;;;;;4338;110;;;;;4337.0;0.0
-1;126200;CROISSANTS;4336.0;145.0;;;;;4338;145;;;;;4337.0;0.0
-1;126300;CROISSANTS;4337.0;64.0;4336.0;66.0;;;4338;130;;;;;4337.0;0.0
-1;126400;CROISSANTS;4336.0;111.0;;;;;4338;111;;;;;4337.0;0.0
-1;126500;CROISSANTS;4336.0;121.0;;;;;4338;121;;;;;4337.0;0.0
-1;126600;CROISSANTS;4336.0;146.0;;;;;4337;65;4338.0;81.0;;;4337.0;0.0
-1;126700;CROISSANTS;4336.0;125.0;;;;;4338;125;;;;;4337.0;0.0
-1;126800;CROISSANTS;4336.0;107.0;;;;;4338;107;;;;;4337.0;0.0
-1;126900;CROISSANTS;4336.0;132.0;;;;;4338;132;;;;;4337.0;0.0
-1;127000;CROISSANTS;4336.0;138.0;;;;;4337;9;4338.0;138.0;;;4337.0;0.0
-1;127100;CROISSANTS;4336.0;150.0;;;;;4338;150;;;;;4337.0;0.0
-1;127200;CROISSANTS;4337.0;95.0;;;;;4338;95;;;;;4337.5;0.0
-1;127300;CROISSANTS;4337.0;127.0;;;;;4338;45;4339.0;82.0;;;4338.0;0.0
-1;127400;CROISSANTS;4337.0;60.0;4336.0;77.0;;;4338;137;;;;;4337.0;0.0
-1;127500;CROISSANTS;4337.0;58.0;4336.0;65.0;;;4338;123;;;;;4337.0;0.0
-1;127600;CROISSANTS;4336.0;136.0;;;;;4338;136;;;;;4337.0;0.0
-1;127700;CROISSANTS;4336.0;95.0;;;;;4337;45;4338.0;50.0;;;4337.0;0.0
-1;127800;CROISSANTS;4336.0;104.0;;;;;4338;104;;;;;4337.0;0.0
-1;127900;CROISSANTS;4336.0;114.0;;;;;4338;114;;;;;4337.0;0.0
-1;128000;CROISSANTS;4337.0;114.0;;;;;4338;114;;;;;4337.5;0.0
-1;128100;CROISSANTS;4337.0;42.0;4336.0;64.0;;;4338;106;;;;;4337.0;0.0
-1;128200;CROISSANTS;4336.0;161.0;;;;;4337;61;4338.0;100.0;;;4337.0;0.0
-1;128300;CROISSANTS;4337.0;46.0;4336.0;87.0;;;4338;133;;;;;4337.0;0.0
-1;128400;CROISSANTS;4336.0;154.0;;;;;4337;62;4338.0;92.0;;;4337.0;0.0
-1;128500;CROISSANTS;4336.0;131.0;;;;;4338;131;;;;;4337.0;0.0
-1;128600;CROISSANTS;4337.0;130.0;;;;;4338;130;;;;;4337.5;0.0
-1;128700;CROISSANTS;4337.0;51.0;4336.0;63.0;;;4338;114;;;;;4337.0;0.0
-1;128800;CROISSANTS;4337.0;40.0;4336.0;89.0;;;4338;129;;;;;4337.0;0.0
-1;128900;CROISSANTS;4337.0;59.0;4336.0;100.0;;;4338;159;;;;;4337.0;0.0
-1;129000;CROISSANTS;4337.0;64.0;4336.0;97.0;;;4338;161;;;;;4337.0;0.0
-1;129100;CROISSANTS;4336.0;140.0;;;;;4338;140;;;;;4337.0;0.0
-1;129200;CROISSANTS;4336.0;96.0;;;;;4337;96;;;;;4336.5;0.0
-1;129300;CROISSANTS;4336.0;103.0;;;;;4337;103;;;;;4336.5;0.0
-1;129400;CROISSANTS;4336.0;112.0;;;;;4337;112;;;;;4336.5;0.0
-1;129500;CROISSANTS;4336.0;61.0;4335.0;86.0;;;4337;147;;;;;4336.0;0.0
-1;129600;CROISSANTS;4335.0;100.0;;;;;4336;110;;;;;4335.5;0.0
-1;129700;CROISSANTS;4336.0;44.0;4335.0;73.0;;;4337;117;;;;;4336.0;0.0
-1;129800;CROISSANTS;4336.0;60.0;4335.0;91.0;;;4337;151;;;;;4336.0;0.0
-1;129900;CROISSANTS;4335.0;127.0;;;;;4336;52;4337.0;75.0;;;4336.0;0.0
-1;130000;CROISSANTS;4335.0;145.0;;;;;4336;55;4337.0;90.0;;;4336.0;0.0
-1;130100;CROISSANTS;4335.0;122.0;;;;;4336;122;;;;;4335.5;0.0
-1;130200;CROISSANTS;4335.0;129.0;;;;;4336;53;4337.0;76.0;;;4336.0;0.0
-1;130300;CROISSANTS;4335.0;138.0;;;;;4336;38;4337.0;100.0;;;4336.0;0.0
-1;130400;CROISSANTS;4334.0;109.0;;;;;4336;109;;;;;4335.0;0.0
-1;130500;CROISSANTS;4334.0;38.0;4333.0;66.0;;;4335;104;;;;;4334.0;0.0
-1;130600;CROISSANTS;4334.0;48.0;4333.0;64.0;;;4335;112;;;;;4334.0;0.0
-1;130700;CROISSANTS;4334.0;128.0;;;;;4336;124;;;;;4335.0;0.0
-1;130800;CROISSANTS;4334.0;123.0;;;;;4335;129;;;;;4334.5;0.0
-1;130900;CROISSANTS;4334.0;115.0;;;;;4335;115;;;;;4334.5;0.0
-1;131000;CROISSANTS;4334.0;47.0;4333.0;93.0;;;4335;140;;;;;4334.0;0.0
-1;131100;CROISSANTS;4334.0;52.0;4333.0;100.0;;;4335;152;;;;;4334.0;0.0
-1;131200;CROISSANTS;4334.0;48.0;4333.0;87.0;;;4335;135;;;;;4334.0;0.0
-1;131300;CROISSANTS;4334.0;112.0;;;;;4336;112;;;;;4335.0;0.0
-1;131400;CROISSANTS;4334.0;147.0;;;;;4335;55;4336.0;92.0;;;4335.0;0.0
-1;131500;CROISSANTS;4334.0;59.0;4333.0;72.0;;;4335;131;;;;;4334.0;0.0
-1;131600;CROISSANTS;4334.0;147.0;;;;;4335;147;;;;;4334.5;0.0
-1;131700;CROISSANTS;4334.0;112.0;;;;;4336;112;;;;;4335.0;0.0
-1;131800;CROISSANTS;4334.0;103.0;;;;;4336;103;;;;;4335.0;0.0
-1;131900;CROISSANTS;4334.0;138.0;;;;;4336;138;;;;;4335.0;0.0
-1;132000;CROISSANTS;4334.0;137.0;;;;;4335;64;4336.0;73.0;;;4335.0;0.0
-1;132100;CROISSANTS;4334.0;110.0;;;;;4335;110;;;;;4334.5;0.0
-1;132200;CROISSANTS;4334.0;138.0;;;;;4336;138;;;;;4335.0;0.0
-1;132300;CROISSANTS;4334.0;128.0;;;;;4336;128;;;;;4335.0;0.0
-1;132400;CROISSANTS;4334.0;154.0;;;;;4336;154;;;;;4335.0;0.0
-1;132500;CROISSANTS;4334.0;123.0;;;;;4335;123;;;;;4334.5;0.0
-1;132600;CROISSANTS;4334.0;140.0;;;;;4335;140;;;;;4334.5;0.0
-1;132700;CROISSANTS;4333.0;125.0;;;;;4335;125;;;;;4334.0;0.0
-1;132800;CROISSANTS;4333.0;115.0;;;;;4334;115;;;;;4333.5;0.0
-1;132900;CROISSANTS;4334.0;139.0;;;;;4335;139;;;;;4334.5;0.0
-1;133000;CROISSANTS;4334.0;108.0;;;;;4335;108;;;;;4334.5;0.0
-1;133100;CROISSANTS;4334.0;121.0;;;;;4335;121;;;;;4334.5;0.0
-1;133200;CROISSANTS;4334.0;130.0;;;;;4335;130;;;;;4334.5;0.0
-1;133300;CROISSANTS;4334.0;128.0;;;;;4335;128;;;;;4334.5;0.0
-1;133400;CROISSANTS;4334.0;162.0;;;;;4335;162;;;;;4334.5;0.0
-1;133500;CROISSANTS;4334.0;93.0;;;;;4335;93;;;;;4334.5;0.0
-1;133600;CROISSANTS;4334.0;134.0;;;;;4335;134;;;;;4334.5;0.0
-1;133700;CROISSANTS;4334.0;122.0;;;;;4335;122;;;;;4334.5;0.0
-1;133800;CROISSANTS;4334.0;99.0;;;;;4335;99;;;;;4334.5;0.0
-1;133900;CROISSANTS;4335.0;46.0;4334.0;75.0;;;4336;121;;;;;4335.0;0.0
-1;134000;CROISSANTS;4334.0;136.0;;;;;4335;41;4336.0;95.0;;;4335.0;0.0
-1;134100;CROISSANTS;4334.0;129.0;;;;;4335;43;4336.0;86.0;;;4335.0;0.0
-1;134200;CROISSANTS;4334.0;141.0;;;;;4336;149;;;;;4335.0;0.0
-1;134300;CROISSANTS;4334.0;112.0;;;;;4335;52;4336.0;60.0;;;4335.0;0.0
-1;134400;CROISSANTS;4334.0;128.0;;;;;4336;128;;;;;4335.0;0.0
-1;134500;CROISSANTS;4334.0;124.0;;;;;4335;41;4336.0;83.0;;;4335.0;0.0
-1;134600;CROISSANTS;4334.0;89.0;;;;;4336;89;;;;;4335.0;0.0
-1;134700;CROISSANTS;4334.0;111.0;;;;;4335;43;4336.0;68.0;;;4335.0;0.0
-1;134800;CROISSANTS;4334.0;119.0;;;;;4335;39;4336.0;80.0;;;4335.0;0.0
-1;134900;CROISSANTS;4334.0;93.0;;;;;4335;93;;;;;4334.5;0.0
-1;135000;CROISSANTS;4334.0;152.0;;;;;4335;152;;;;;4334.5;0.0
-1;135100;CROISSANTS;4334.0;152.0;;;;;4335;152;;;;;4334.5;0.0
-1;135200;CROISSANTS;4334.0;123.0;;;;;4335;123;;;;;4334.5;0.0
-1;135300;CROISSANTS;4333.0;156.0;;;;;4334;57;4335.0;99.0;;;4334.0;0.0
-1;135400;CROISSANTS;4333.0;153.0;;;;;4334;53;4335.0;100.0;;;4334.0;0.0
-1;135500;CROISSANTS;4333.0;107.0;;;;;4334;107;;;;;4333.5;0.0
-1;135600;CROISSANTS;4333.0;119.0;;;;;4334;112;;;;;4333.5;0.0
-1;135700;CROISSANTS;4333.0;37.0;4332.0;62.0;;;4334;99;;;;;4333.0;0.0
-1;135800;CROISSANTS;4332.0;116.0;;;;;4333;52;4334.0;64.0;;;4333.0;0.0
-1;135900;CROISSANTS;4332.0;153.0;;;;;4334;153;;;;;4333.0;0.0
-1;136000;CROISSANTS;4333.0;54.0;4332.0;71.0;;;4334;125;;;;;4333.0;0.0
-1;136100;CROISSANTS;4333.0;101.0;;;;;4334;38;4335.0;63.0;;;4334.0;0.0
-1;136200;CROISSANTS;4333.0;121.0;;;;;4334;121;;;;;4333.5;0.0
-1;136300;CROISSANTS;4333.0;53.0;4332.0;98.0;;;4334;151;;;;;4333.0;0.0
-1;136400;CROISSANTS;4333.0;51.0;4332.0;94.0;;;4334;145;;;;;4333.0;0.0
-1;136500;CROISSANTS;4333.0;65.0;4332.0;57.0;;;4334;122;;;;;4333.5;0.0
-1;136600;CROISSANTS;4333.0;58.0;4332.0;56.0;;;4334;114;;;;;4333.5;0.0
-1;136700;CROISSANTS;4333.0;114.0;;;;;4334;114;;;;;4333.5;0.0
-1;136800;CROISSANTS;4333.0;43.0;4332.0;97.0;;;4334;140;;;;;4333.0;0.0
-1;136900;CROISSANTS;4333.0;127.0;;;;;4334;127;;;;;4333.5;0.0
-1;137000;CROISSANTS;4333.0;46.0;4332.0;91.0;;;4334;137;;;;;4333.0;0.0
-1;137100;CROISSANTS;4333.0;110.0;;;;;4334;110;;;;;4333.5;0.0
-1;137200;CROISSANTS;4332.0;107.0;;;;;4334;107;;;;;4333.0;0.0
-1;137300;CROISSANTS;4333.0;153.0;;;;;4334;153;;;;;4333.5;0.0
-1;137400;CROISSANTS;4332.0;114.0;;;;;4334;114;;;;;4333.0;0.0
-1;137500;CROISSANTS;4332.0;117.0;;;;;4333;10;4334.0;117.0;;;4333.0;0.0
-1;137600;CROISSANTS;4333.0;100.0;;;;;4334;100;;;;;4333.5;0.0
-1;137700;CROISSANTS;4333.0;50.0;4332.0;73.0;;;4334;123;;;;;4333.0;0.0
-1;137800;CROISSANTS;4333.0;42.0;4332.0;57.0;;;4334;99;;;;;4333.0;0.0
-1;137900;CROISSANTS;4333.0;54.0;4332.0;70.0;;;4334;124;;;;;4333.0;0.0
-1;138000;CROISSANTS;4332.0;122.0;;;;;4333;59;4334.0;63.0;;;4333.0;0.0
-1;138100;CROISSANTS;4332.0;107.0;;;;;4334;107;;;;;4333.0;0.0
-1;138200;CROISSANTS;4332.0;110.0;;;;;4334;110;;;;;4333.0;0.0
-1;138300;CROISSANTS;4332.0;146.0;;;;;4334;146;;;;;4333.0;0.0
-1;138400;CROISSANTS;4332.0;91.0;;;;;4334;91;;;;;4333.0;0.0
-1;138500;CROISSANTS;4332.0;118.0;;;;;4334;118;;;;;4333.0;0.0
-1;138600;CROISSANTS;4332.0;108.0;;;;;4333;108;;;;;4332.5;0.0
-1;138700;CROISSANTS;4332.0;147.0;;;;;4333;65;4334.0;82.0;;;4333.0;0.0
-1;138800;CROISSANTS;4332.0;133.0;;;;;4333;45;4334.0;88.0;;;4333.0;0.0
-1;138900;CROISSANTS;4332.0;132.0;;;;;4333;132;;;;;4332.5;0.0
-1;139000;CROISSANTS;4332.0;121.0;;;;;4333;121;;;;;4332.5;0.0
-1;139100;CROISSANTS;4332.0;104.0;;;;;4333;36;4334.0;68.0;;;4333.0;0.0
-1;139200;CROISSANTS;4332.0;115.0;;;;;4333;38;4334.0;77.0;;;4333.0;0.0
-1;139300;CROISSANTS;4332.0;138.0;;;;;4334;138;;;;;4333.0;0.0
-1;139400;CROISSANTS;4332.0;149.0;;;;;4333;51;4334.0;98.0;;;4333.0;0.0
-1;139500;CROISSANTS;4332.0;124.0;;;;;4334;124;;;;;4333.0;0.0
-1;139600;CROISSANTS;4332.0;156.0;;;;;4334;156;;;;;4333.0;0.0
-1;139700;CROISSANTS;4332.0;163.0;;;;;4334;163;;;;;4333.0;0.0
-1;139800;CROISSANTS;4332.0;97.0;;;;;4334;97;;;;;4333.0;0.0
-1;139900;CROISSANTS;4332.0;152.0;;;;;4334;152;;;;;4333.0;0.0
-1;140000;CROISSANTS;4332.0;112.0;;;;;4333;39;4334.0;73.0;;;4333.0;0.0
-1;140100;CROISSANTS;4332.0;133.0;;;;;4333;58;4334.0;75.0;;;4333.0;0.0
-1;140200;CROISSANTS;4332.0;113.0;;;;;4333;58;4334.0;55.0;;;4332.5;0.0
-1;140300;CROISSANTS;4332.0;127.0;;;;;4334;127;;;;;4333.0;0.0
-1;140400;CROISSANTS;4333.0;35.0;4332.0;63.0;;;4334;98;;;;;4333.0;0.0
-1;140500;CROISSANTS;4333.0;107.0;;;;;4334;107;;;;;4333.5;0.0
-1;140600;CROISSANTS;4333.0;55.0;4332.0;61.0;;;4334;116;;;;;4333.0;0.0
-1;140700;CROISSANTS;4333.0;121.0;;;;;4334;121;;;;;4333.5;0.0
-1;140800;CROISSANTS;4333.0;60.0;4332.0;100.0;;;4334;160;;;;;4333.0;0.0
-1;140900;CROISSANTS;4333.0;54.0;4332.0;59.0;;;4334;113;;;;;4333.0;0.0
-1;141000;CROISSANTS;4333.0;36.0;4332.0;58.0;;;4334;94;;;;;4333.0;0.0
-1;141100;CROISSANTS;4333.0;42.0;4332.0;60.0;;;4334;102;;;;;4333.0;0.0
-1;141200;CROISSANTS;4334.0;136.0;;;;;4335;136;;;;;4334.5;0.0
-1;141300;CROISSANTS;4334.0;114.0;;;;;4335;114;;;;;4334.5;0.0
-1;141400;CROISSANTS;4334.0;119.0;;;;;4335;119;;;;;4334.5;0.0
-1;141500;CROISSANTS;4334.0;49.0;4333.0;93.0;;;4335;142;;;;;4334.0;0.0
-1;141600;CROISSANTS;4334.0;45.0;4333.0;80.0;;;4335;125;;;;;4334.0;0.0
-1;141700;CROISSANTS;4334.0;108.0;;;;;4335;108;;;;;4334.5;0.0
-1;141800;CROISSANTS;4334.0;149.0;;;;;4335;149;;;;;4334.5;0.0
-1;141900;CROISSANTS;4334.0;140.0;;;;;4335;140;;;;;4334.5;0.0
-1;142000;CROISSANTS;4333.0;120.0;;;;;4334;120;;;;;4333.5;0.0
-1;142100;CROISSANTS;4333.0;146.0;;;;;4334;146;;;;;4333.5;0.0
-1;142200;CROISSANTS;4333.0;111.0;;;;;4334;111;;;;;4333.5;0.0
-1;142300;CROISSANTS;4333.0;134.0;;;;;4334;47;4335.0;87.0;;;4334.0;0.0
-1;142400;CROISSANTS;4333.0;120.0;;;;;4334;120;;;;;4333.5;0.0
-1;142500;CROISSANTS;4333.0;119.0;;;;;4334;119;;;;;4333.5;0.0
-1;142600;CROISSANTS;4333.0;104.0;;;;;4334;104;;;;;4333.5;0.0
-1;142700;CROISSANTS;4332.0;55.0;4331.0;75.0;;;4333;130;;;;;4332.0;0.0
-1;142800;CROISSANTS;4332.0;43.0;4331.0;87.0;;;4333;130;;;;;4332.0;0.0
-1;142900;CROISSANTS;4331.0;120.0;;;;;4332;120;;;;;4331.5;0.0
-1;143000;CROISSANTS;4331.0;123.0;;;;;4332;123;;;;;4331.5;0.0
-1;143100;CROISSANTS;4331.0;116.0;;;;;4332;46;4333.0;70.0;;;4332.0;0.0
-1;143200;CROISSANTS;4331.0;152.0;;;;;4332;152;;;;;4331.5;0.0
-1;143300;CROISSANTS;4331.0;142.0;;;;;4332;142;;;;;4331.5;0.0
-1;143400;CROISSANTS;4331.0;124.0;;;;;4332;124;;;;;4331.5;0.0
-1;143500;CROISSANTS;4332.0;147.0;;;;;4333;147;;;;;4332.5;0.0
-1;143600;CROISSANTS;4333.0;43.0;4332.0;67.0;;;4334;110;;;;;4333.0;0.0
-1;143700;CROISSANTS;4333.0;136.0;;;;;4334;136;;;;;4333.5;0.0
-1;143800;CROISSANTS;4333.0;150.0;;;;;4334;60;4335.0;90.0;;;4334.0;0.0
-1;143900;CROISSANTS;4334.0;48.0;4333.0;90.0;;;4335;138;;;;;4334.0;0.0
-1;144000;CROISSANTS;4334.0;56.0;4333.0;52.0;;;4335;108;;;;;4334.5;0.0
-1;144100;CROISSANTS;4333.0;122.0;;;;;4335;122;;;;;4334.0;0.0
-1;144200;CROISSANTS;4334.0;63.0;4333.0;78.0;;;4335;141;;;;;4334.0;0.0
-1;144300;CROISSANTS;4333.0;144.0;;;;;4334;144;;;;;4333.5;0.0
-1;144400;CROISSANTS;4332.0;144.0;;;;;4334;144;;;;;4333.0;0.0
-1;144500;CROISSANTS;4333.0;39.0;4332.0;99.0;;;4334;138;;;;;4333.0;0.0
-1;144600;CROISSANTS;4333.0;58.0;4332.0;50.0;;;4334;108;;;;;4333.5;0.0
-1;144700;CROISSANTS;4332.0;152.0;;;;;4333;142;;;;;4332.5;0.0
-1;144800;CROISSANTS;4332.0;119.0;;;;;4333;123;;;;;4332.5;0.0
-1;144900;CROISSANTS;4331.0;134.0;;;;;4333;134;;;;;4332.0;0.0
-1;145000;CROISSANTS;4332.0;39.0;4331.0;72.0;;;4333;111;;;;;4332.0;0.0
-1;145100;CROISSANTS;4332.0;115.0;;;;;4333;37;4334.0;78.0;;;4333.0;0.0
-1;145200;CROISSANTS;4332.0;105.0;;;;;4334;105;;;;;4333.0;0.0
-1;145300;CROISSANTS;4332.0;126.0;;;;;4333;39;4334.0;87.0;;;4333.0;0.0
-1;145400;CROISSANTS;4332.0;142.0;;;;;4334;142;;;;;4333.0;0.0
-1;145500;CROISSANTS;4332.0;121.0;;;;;4333;40;4334.0;76.0;;;4333.0;0.0
-1;145600;CROISSANTS;4332.0;142.0;;;;;4333;142;;;;;4332.5;0.0
-1;145700;CROISSANTS;4332.0;135.0;;;;;4333;135;;;;;4332.5;0.0
-1;145800;CROISSANTS;4332.0;129.0;;;;;4333;129;;;;;4332.5;0.0
-1;145900;CROISSANTS;4332.0;162.0;;;;;4333;162;;;;;4332.5;0.0
-1;146000;CROISSANTS;4332.0;115.0;;;;;4333;125;;;;;4332.5;0.0
-1;146100;CROISSANTS;4332.0;106.0;;;;;4333;106;;;;;4332.5;0.0
-1;146200;CROISSANTS;4332.0;137.0;;;;;4333;137;;;;;4332.5;0.0
-1;146300;CROISSANTS;4331.0;133.0;;;;;4333;133;;;;;4332.0;0.0
-1;146400;CROISSANTS;4331.0;105.0;;;;;4333;105;;;;;4332.0;0.0
-1;146500;CROISSANTS;4331.0;107.0;;;;;4333;107;;;;;4332.0;0.0
-1;146600;CROISSANTS;4331.0;151.0;;;;;4332;151;;;;;4331.5;0.0
-1;146700;CROISSANTS;4331.0;50.0;4330.0;78.0;;;4332;128;;;;;4331.0;0.0
-1;146800;CROISSANTS;4330.0;60.0;4329.0;50.0;;;4331;110;;;;;4330.5;0.0
-1;146900;CROISSANTS;4330.0;142.0;;;;;4332;142;;;;;4331.0;0.0
-1;147000;CROISSANTS;4330.0;129.0;;;;;4331;37;4332.0;92.0;;;4331.0;0.0
-1;147100;CROISSANTS;4330.0;137.0;;;;;4331;38;4332.0;99.0;;;4331.0;0.0
-1;147200;CROISSANTS;4330.0;146.0;;;;;4332;146;;;;;4331.0;0.0
-1;147300;CROISSANTS;4330.0;139.0;;;;;4332;139;;;;;4331.0;0.0
-1;147400;CROISSANTS;4331.0;121.0;;;;;4333;121;;;;;4332.0;0.0
-1;147500;CROISSANTS;4332.0;63.0;4331.0;76.0;;;4333;139;;;;;4332.0;0.0
-1;147600;CROISSANTS;4331.0;132.0;;;;;4332;60;4333.0;72.0;;;4332.0;0.0
-1;147700;CROISSANTS;4331.0;40.0;4330.0;54.0;;;4332;94;;;;;4331.0;0.0
-1;147800;CROISSANTS;4331.0;36.0;4330.0;55.0;;;4332;91;;;;;4331.0;0.0
-1;147900;CROISSANTS;4330.0;123.0;;;;;4332;123;;;;;4331.0;0.0
-1;148000;CROISSANTS;4330.0;102.0;;;;;4331;51;4332.0;51.0;;;4330.5;0.0
-1;148100;CROISSANTS;4330.0;130.0;;;;;4331;130;;;;;4330.5;0.0
-1;148200;CROISSANTS;4331.0;114.0;;;;;4332;114;;;;;4331.5;0.0
-1;148300;CROISSANTS;4331.0;145.0;;;;;4332;145;;;;;4331.5;0.0
-1;148400;CROISSANTS;4331.0;46.0;4330.0;67.0;;;4332;113;;;;;4331.0;0.0
-1;148500;CROISSANTS;4331.0;25.0;4330.0;82.0;;;4332;117;;;;;4331.0;0.0
-1;148600;CROISSANTS;4331.0;43.0;4330.0;55.0;;;4332;98;;;;;4331.0;0.0
-1;148700;CROISSANTS;4331.0;111.0;;;;;4332;49;4333.0;62.0;;;4332.0;0.0
-1;148800;CROISSANTS;4331.0;124.0;;;;;4332;63;4333.0;61.0;;;4331.5;0.0
-1;148900;CROISSANTS;4330.0;118.0;;;;;4332;118;;;;;4331.0;0.0
-1;149000;CROISSANTS;4330.0;146.0;;;;;4331;49;4332.0;97.0;;;4331.0;0.0
-1;149100;CROISSANTS;4330.0;154.0;;;;;4331;57;4332.0;97.0;;;4331.0;0.0
-1;149200;CROISSANTS;4330.0;101.0;;;;;4332;101;;;;;4331.0;0.0
-1;149300;CROISSANTS;4330.0;93.0;;;;;4332;93;;;;;4331.0;0.0
-1;149400;CROISSANTS;4330.0;108.0;;;;;4331;44;4332.0;64.0;;;4331.0;0.0
-1;149500;CROISSANTS;4330.0;122.0;;;;;4331;122;;;;;4330.5;0.0
-1;149600;CROISSANTS;4330.0;119.0;;;;;4331;39;4332.0;80.0;;;4331.0;0.0
-1;149700;CROISSANTS;4330.0;107.0;;;;;4332;107;;;;;4331.0;0.0
-1;149800;CROISSANTS;4330.0;127.0;;;;;4331;36;4332.0;91.0;;;4331.0;0.0
-1;149900;CROISSANTS;4330.0;120.0;;;;;4331;120;;;;;4330.5;0.0
-1;150000;CROISSANTS;4330.0;109.0;;;;;4331;55;4332.0;54.0;;;4330.5;0.0
-1;150100;CROISSANTS;4330.0;112.0;;;;;4331;112;;;;;4330.5;0.0
-1;150200;CROISSANTS;4327.0;108.0;;;;;4328;38;4329.0;70.0;;;4328.0;0.0
-1;150300;CROISSANTS;4326.0;163.0;;;;;4328;163;;;;;4327.0;0.0
-1;150400;CROISSANTS;4327.0;59.0;4326.0;52.0;;;4328;111;;;;;4327.5;0.0
-1;150500;CROISSANTS;4327.0;125.0;;;;;4328;55;4329.0;70.0;;;4328.0;0.0
-1;150600;CROISSANTS;4327.0;133.0;;;;;4329;133;;;;;4328.0;0.0
-1;150700;CROISSANTS;4328.0;118.0;;;;;4329;118;;;;;4328.5;0.0
-1;150800;CROISSANTS;4328.0;126.0;;;;;4329;62;4330.0;64.0;;;4329.0;0.0
-1;150900;CROISSANTS;4328.0;134.0;;;;;4329;65;4330.0;69.0;;;4329.0;0.0
-1;151000;CROISSANTS;4329.0;58.0;4328.0;50.0;;;4330;108;;;;;4329.5;0.0
-1;151100;CROISSANTS;4329.0;108.0;;;;;4330;108;;;;;4329.5;0.0
-1;151200;CROISSANTS;4330.0;53.0;4329.0;74.0;;;4331;127;;;;;4330.0;0.0
-1;151300;CROISSANTS;4330.0;123.0;;;;;4331;123;;;;;4330.5;0.0
-1;151400;CROISSANTS;4330.0;65.0;4329.0;79.0;;;4331;144;;;;;4330.0;0.0
-1;151500;CROISSANTS;4330.0;109.0;;;;;4331;102;;;;;4330.5;0.0
-1;151600;CROISSANTS;4331.0;60.0;4330.0;85.0;;;4332;145;;;;;4331.0;0.0
-1;151700;CROISSANTS;4330.0;96.0;;;;;4331;96;;;;;4330.5;0.0
-1;151800;CROISSANTS;4330.0;127.0;;;;;4331;127;;;;;4330.5;0.0
-1;151900;CROISSANTS;4330.0;37.0;4329.0;89.0;;;4331;126;;;;;4330.0;0.0
-1;152000;CROISSANTS;4330.0;145.0;;;;;4331;145;;;;;4330.5;0.0
-1;152100;CROISSANTS;4331.0;48.0;4330.0;77.0;;;4332;125;;;;;4331.0;0.0
-1;152200;CROISSANTS;4331.0;62.0;4330.0;80.0;;;4332;142;;;;;4331.0;0.0
-1;152300;CROISSANTS;4331.0;117.0;;;;;4332;117;;;;;4331.5;0.0
-1;152400;CROISSANTS;4331.0;131.0;;;;;4332;131;;;;;4331.5;0.0
-1;152500;CROISSANTS;4331.0;134.0;;;;;4332;56;4333.0;78.0;;;4332.0;0.0
-1;152600;CROISSANTS;4331.0;136.0;;;;;4332;136;;;;;4331.5;0.0
-1;152700;CROISSANTS;4331.0;145.0;;;;;4332;50;4333.0;95.0;;;4332.0;0.0
-1;152800;CROISSANTS;4331.0;122.0;;;;;4332;57;4333.0;65.0;;;4332.0;0.0
-1;152900;CROISSANTS;4331.0;111.0;;;;;4332;111;;;;;4331.5;0.0
-1;153000;CROISSANTS;4331.0;121.0;;;;;4332;121;;;;;4331.5;0.0
