day;timestamp;product;bid_price_1;bid_volume_1;bid_price_2;bid_volume_2;bid_price_3;bid_volume_3;ask_price_1;ask_volume_1;ask_price_2;ask_volume_2;ask_price_3;ask_volume_3;mid_price;profit_and_loss
-1;0;DJEMBES;13450.0;55.0;;;;;13451;55;;;;;13450.5;0.0
-1;100;DJEMBES;13449.0;57.0;;;;;13451;57;;;;;13450.0;0.0
-1;200;DJEMBES;13450.0;20.0;13449.0;31.0;;;13451;51;;;;;13450.0;0.0
-1;300;DJEMBES;13449.0;73.0;;;;;13451;73;;;;;13450.0;0.0
-1;400;DJEMBES;13452.0;78.0;;;;;13453;78;;;;;13452.5;0.0
-1;500;DJEMBES;13453.0;54.0;;;;;13454;54;;;;;13453.5;0.0
-1;600;DJEMBES;13456.0;34.0;13455.0;47.0;;;13457;77;;;;;13456.0;0.0
-1;700;DJEMBES;13454.0;67.0;;;;;13455;67;;;;;13454.5;0.0
-1;800;DJEMBES;13457.0;64.0;;;;;13458;64;;;;;13457.5;0.0
-1;900;DJEMBES;13457.0;63.0;;;;;13458;25;13459.0;31.0;;;13458.0;0.0
-1;1000;DJEMBES;13456.0;62.0;;;;;13457;25;13458.0;37.0;;;13457.0;0.0
-1;1100;DJEMBES;13455.0;21.0;13454.0;50.0;;;13456;71;;;;;13455.0;0.0
-1;1200;DJEMBES;13454.0;77.0;;;;;13456;77;;;;;13455.0;0.0
-1;1300;DJEMBES;13454.0;62.0;;;;;13456;62;;;;;13455.0;0.0
-1;1400;DJEMBES;13458.0;24.0;13457.0;40.0;;;13459;64;;;;;13458.0;0.0
-1;1500;DJEMBES;13457.0;52.0;;;;;13459;52;;;;;13458.0;0.0
-1;1600;DJEMBES;13457.0;68.0;;;;;13459;68;;;;;13458.0;0.0
-1;1700;DJEMBES;13454.0;46.0;;;;;13455;46;;;;;13454.5;0.0
-1;1800;DJEMBES;13453.0;75.0;;;;;13454;75;;;;;13453.5;0.0
-1;1900;DJEMBES;13450.0;63.0;;;;;13451;17;13452.0;46.0;;;13451.0;0.0
-1;2000;DJEMBES;13449.0;68.0;;;;;13451;65;;;;;13450.0;0.0
-1;2100;DJEMBES;13446.0;22.0;13445.0;44.0;;;13447;66;;;;;13446.0;0.0
-1;2200;DJEMBES;13444.0;55.0;;;;;13445;55;;;;;13444.5;0.0
-1;2300;DJEMBES;13444.0;65.0;;;;;13445;25;13446.0;40.0;;;13445.0;0.0
-1;2400;DJEMBES;13445.0;71.0;;;;;13446;71;;;;;13445.5;0.0
-1;2500;DJEMBES;13446.0;52.0;;;;;13447;52;;;;;13446.5;0.0
-1;2600;DJEMBES;13446.0;59.0;;;;;13448;59;;;;;13447.0;0.0
-1;2700;DJEMBES;13446.0;65.0;;;;;13447;65;;;;;13446.5;0.0
-1;2800;DJEMBES;13445.0;78.0;;;;;13446;78;;;;;13445.5;0.0
-1;2900;DJEMBES;13445.0;19.0;13444.0;35.0;;;13446;54;;;;;13445.0;0.0
-1;3000;DJEMBES;13444.0;67.0;;;;;13445;29;13446.0;38.0;;;13445.0;0.0
-1;3100;DJEMBES;13444.0;59.0;;;;;13446;59;;;;;13445.0;0.0
-1;3200;DJEMBES;13445.0;58.0;;;;;13446;25;13447.0;33.0;;;13446.0;0.0
-1;3300;DJEMBES;13446.0;75.0;;;;;13447;27;13448.0;48.0;;;13447.0;0.0
-1;3400;DJEMBES;13446.0;60.0;;;;;13447;26;13448.0;34.0;;;13447.0;0.0
-1;3500;DJEMBES;13447.0;49.0;;;;;13448;49;;;;;13447.5;0.0
-1;3600;DJEMBES;13448.0;68.0;;;;;13450;68;;;;;13449.0;0.0
-1;3700;DJEMBES;13448.0;51.0;;;;;13450;51;;;;;13449.0;0.0
-1;3800;DJEMBES;13448.0;16.0;13447.0;42.0;;;13449;58;;;;;13448.0;0.0
-1;3900;DJEMBES;13447.0;64.0;;;;;13449;64;;;;;13448.0;0.0
-1;4000;DJEMBES;13447.0;59.0;;;;;13448;28;13449.0;31.0;;;13448.0;0.0
-1;4100;DJEMBES;13448.0;48.0;;;;;13450;48;;;;;13449.0;0.0
-1;4200;DJEMBES;13447.0;67.0;;;;;13449;67;;;;;13448.0;0.0
-1;4300;DJEMBES;13446.0;77.0;;;;;13448;77;;;;;13447.0;0.0
-1;4400;DJEMBES;13447.0;49.0;;;;;13448;15;13449.0;34.0;;;13448.0;0.0
-1;4500;DJEMBES;13446.0;59.0;;;;;13448;59;;;;;13447.0;0.0
-1;4600;DJEMBES;13446.0;15.0;13445.0;31.0;;;13447;46;;;;;13446.0;0.0
-1;4700;DJEMBES;13445.0;50.0;;;;;13447;50;;;;;13446.0;0.0
-1;4800;DJEMBES;13445.0;77.0;;;;;13447;77;;;;;13446.0;0.0
-1;4900;DJEMBES;13446.0;60.0;;;;;13447;25;13448.0;35.0;;;13447.0;0.0
-1;5000;DJEMBES;13447.0;52.0;;;;;13448;52;;;;;13447.5;0.0
-1;5100;DJEMBES;13446.0;69.0;;;;;13447;28;13448.0;41.0;;;13447.0;0.0
-1;5200;DJEMBES;13447.0;71.0;;;;;13448;71;;;;;13447.5;0.0
-1;5300;DJEMBES;13446.0;17.0;13445.0;47.0;;;13447;64;;;;;13446.0;0.0
-1;5400;DJEMBES;13444.0;54.0;;;;;13445;16;13446.0;38.0;;;13445.0;0.0
-1;5500;DJEMBES;13443.0;72.0;;;;;13445;72;;;;;13444.0;0.0
-1;5600;DJEMBES;13444.0;54.0;;;;;13445;54;;;;;13444.5;0.0
-1;5700;DJEMBES;13445.0;74.0;;;;;13447;74;;;;;13446.0;0.0
-1;5800;DJEMBES;13446.0;56.0;;;;;13448;56;;;;;13447.0;0.0
-1;5900;DJEMBES;13446.0;63.0;;;;;13448;63;;;;;13447.0;0.0
-1;6000;DJEMBES;13449.0;26.0;13448.0;31.0;;;13450;57;;;;;13449.0;0.0
-1;6100;DJEMBES;13449.0;48.0;;;;;13450;48;;;;;13449.5;0.0
-1;6200;DJEMBES;13449.0;60.0;;;;;13450;60;;;;;13449.5;0.0
-1;6300;DJEMBES;13451.0;57.0;;;;;13452;25;13453.0;32.0;;;13452.0;0.0
-1;6400;DJEMBES;13451.0;64.0;;;;;13452;64;;;;;13451.5;0.0
-1;6500;DJEMBES;13451.0;56.0;;;;;13452;56;;;;;13451.5;0.0
-1;6600;DJEMBES;13451.0;25.0;13450.0;34.0;;;13452;59;;;;;13451.0;0.0
-1;6700;DJEMBES;13449.0;63.0;;;;;13450;63;;;;;13449.5;0.0
-1;6800;DJEMBES;13449.0;62.0;;;;;13450;25;13451.0;37.0;;;13450.0;0.0
-1;6900;DJEMBES;13449.0;58.0;;;;;13450;58;;;;;13449.5;0.0
-1;7000;DJEMBES;13448.0;16.0;13447.0;37.0;;;13449;53;;;;;13448.0;0.0
-1;7100;DJEMBES;13447.0;63.0;;;;;13448;63;;;;;13447.5;0.0
-1;7200;DJEMBES;13447.0;65.0;;;;;13448;25;13449.0;40.0;;;13448.0;0.0
-1;7300;DJEMBES;13448.0;55.0;;;;;13449;55;;;;;13448.5;0.0
-1;7400;DJEMBES;13447.0;16.0;13446.0;37.0;;;13448;53;;;;;13447.0;0.0
-1;7500;DJEMBES;13447.0;16.0;13446.0;35.0;;;13448;51;;;;;13447.0;0.0
-1;7600;DJEMBES;13446.0;49.0;;;;;13448;49;;;;;13447.0;0.0
-1;7700;DJEMBES;13445.0;60.0;;;;;13447;60;;;;;13446.0;0.0
-1;7800;DJEMBES;13446.0;46.0;;;;;13447;15;13448.0;31.0;;;13447.0;0.0
-1;7900;DJEMBES;13446.0;57.0;;;;;13447;57;;;;;13446.5;0.0
-1;8000;DJEMBES;13446.0;70.0;;;;;13447;70;;;;;13446.5;0.0
-1;8100;DJEMBES;13445.0;63.0;;;;;13447;63;;;;;13446.0;0.0
-1;8200;DJEMBES;13446.0;51.0;;;;;13447;17;13448.0;34.0;;;13447.0;0.0
-1;8300;DJEMBES;13446.0;57.0;;;;;13448;57;;;;;13447.0;0.0
-1;8400;DJEMBES;13447.0;28.0;13446.0;36.0;;;13448;64;;;;;13447.0;0.0
-1;8500;DJEMBES;13447.0;56.0;;;;;13449;56;;;;;13448.0;0.0
-1;8600;DJEMBES;13448.0;29.0;13447.0;40.0;;;13449;69;;;;;13448.0;0.0
-1;8700;DJEMBES;13447.0;63.0;;;;;13448;29;13449.0;34.0;;;13448.0;0.0
-1;8800;DJEMBES;13447.0;65.0;;;;;13448;65;;;;;13447.5;0.0
-1;8900;DJEMBES;13447.0;54.0;;;;;13448;21;13449.0;33.0;;;13448.0;0.0
-1;9000;DJEMBES;13448.0;77.0;;;;;13449;77;;;;;13448.5;0.0
-1;9100;DJEMBES;13448.0;60.0;;;;;13449;60;;;;;13448.5;0.0
-1;9200;DJEMBES;13448.0;78.0;;;;;13450;78;;;;;13449.0;0.0
-1;9300;DJEMBES;13449.0;17.0;13448.0;30.0;;;13450;47;;;;;13449.0;0.0
-1;9400;DJEMBES;13449.0;56.0;;;;;13450;56;;;;;13449.5;0.0
-1;9500;DJEMBES;13449.0;64.0;;;;;13450;30;13451.0;34.0;;;13450.0;0.0
-1;9600;DJEMBES;13449.0;55.0;;;;;13450;21;13451.0;34.0;;;13450.0;0.0
-1;9700;DJEMBES;13451.0;71.0;;;;;13452;66;;;;;13451.5;0.0
-1;9800;DJEMBES;13450.0;54.0;;;;;13451;54;;;;;13450.5;0.0
-1;9900;DJEMBES;13450.0;53.0;;;;;13451;53;;;;;13450.5;0.0
-1;10000;DJEMBES;13450.0;54.0;;;;;13451;54;;;;;13450.5;0.0
-1;10100;DJEMBES;13450.0;58.0;;;;;13451;24;13452.0;34.0;;;13451.0;0.0
-1;10200;DJEMBES;13450.0;55.0;;;;;13452;55;;;;;13451.0;0.0
-1;10300;DJEMBES;13450.0;76.0;;;;;13451;76;;;;;13450.5;0.0
-1;10400;DJEMBES;13449.0;52.0;;;;;13450;52;;;;;13449.5;0.0
-1;10500;DJEMBES;13450.0;21.0;13449.0;35.0;;;13451;56;;;;;13450.0;0.0
-1;10600;DJEMBES;13450.0;55.0;;;;;13451;55;;;;;13450.5;0.0
-1;10700;DJEMBES;13450.0;24.0;13449.0;41.0;;;13451;65;;;;;13450.0;0.0
-1;10800;DJEMBES;13450.0;17.0;13449.0;42.0;;;13451;59;;;;;13450.0;0.0
-1;10900;DJEMBES;13451.0;32.0;13450.0;49.0;;;13452;74;;;;;13451.0;0.0
-1;11000;DJEMBES;13450.0;29.0;13449.0;48.0;;;13451;77;;;;;13450.0;0.0
-1;11100;DJEMBES;13450.0;49.0;;;;;13451;49;;;;;13450.5;0.0
-1;11200;DJEMBES;13450.0;20.0;13449.0;47.0;;;13451;67;;;;;13450.0;0.0
-1;11300;DJEMBES;13449.0;71.0;;;;;13451;71;;;;;13450.0;0.0
-1;11400;DJEMBES;13449.0;62.0;;;;;13450;23;13451.0;39.0;;;13450.0;0.0
-1;11500;DJEMBES;13450.0;52.0;;;;;13451;52;;;;;13450.5;0.0
-1;11600;DJEMBES;13450.0;53.0;;;;;13451;23;13452.0;30.0;;;13451.0;0.0
-1;11700;DJEMBES;13450.0;69.0;;;;;13452;69;;;;;13451.0;0.0
-1;11800;DJEMBES;13451.0;20.0;13450.0;45.0;;;13452;65;;;;;13451.0;0.0
-1;11900;DJEMBES;13451.0;22.0;13450.0;40.0;;;13452;62;;;;;13451.0;0.0
-1;12000;DJEMBES;13450.0;68.0;;;;;13451;21;13452.0;47.0;;;13451.0;0.0
-1;12100;DJEMBES;13449.0;61.0;;;;;13450;61;;;;;13449.5;0.0
-1;12200;DJEMBES;13448.0;73.0;;;;;13450;73;;;;;13449.0;0.0
-1;12300;DJEMBES;13450.0;57.0;;;;;13451;21;13452.0;36.0;;;13451.0;0.0
-1;12400;DJEMBES;13452.0;54.0;;;;;13454;54;;;;;13453.0;0.0
-1;12500;DJEMBES;13453.0;62.0;;;;;13454;18;13455.0;44.0;;;13454.0;0.0
-1;12600;DJEMBES;13452.0;50.0;;;;;13453;50;;;;;13452.5;0.0
-1;12700;DJEMBES;13452.0;66.0;;;;;13454;66;;;;;13453.0;0.0
-1;12800;DJEMBES;13453.0;56.0;;;;;13454;56;;;;;13453.5;0.0
-1;12900;DJEMBES;13454.0;28.0;13453.0;50.0;;;13455;78;;;;;13454.0;0.0
-1;13000;DJEMBES;13453.0;63.0;;;;;13455;63;;;;;13454.0;0.0
-1;13100;DJEMBES;13452.0;62.0;;;;;13454;62;;;;;13453.0;0.0
-1;13200;DJEMBES;13453.0;61.0;;;;;13455;61;;;;;13454.0;0.0
-1;13300;DJEMBES;13455.0;22.0;13454.0;38.0;;;13456;60;;;;;13455.0;0.0
-1;13400;DJEMBES;13454.0;62.0;;;;;13455;62;;;;;13454.5;0.0
-1;13500;DJEMBES;13455.0;34.0;13454.0;34.0;;;13456;63;;;;;13455.5;0.0
-1;13600;DJEMBES;13454.0;55.0;;;;;13455;55;;;;;13454.5;0.0
-1;13700;DJEMBES;13454.0;52.0;;;;;13456;52;;;;;13455.0;0.0
-1;13800;DJEMBES;13454.0;51.0;;;;;13455;51;;;;;13454.5;0.0
-1;13900;DJEMBES;13454.0;69.0;;;;;13455;69;;;;;13454.5;0.0
-1;14000;DJEMBES;13453.0;50.0;;;;;13455;50;;;;;13454.0;0.0
-1;14100;DJEMBES;13454.0;63.0;;;;;13455;29;13456.0;34.0;;;13455.0;0.0
-1;14200;DJEMBES;13454.0;58.0;;;;;13456;58;;;;;13455.0;0.0
-1;14300;DJEMBES;13454.0;66.0;;;;;13455;66;;;;;13454.5;0.0
-1;14400;DJEMBES;13454.0;67.0;;;;;13455;67;;;;;13454.5;0.0
-1;14500;DJEMBES;13454.0;66.0;;;;;13455;66;;;;;13454.5;0.0
-1;14600;DJEMBES;13454.0;67.0;;;;;13455;67;;;;;13454.5;0.0
-1;14700;DJEMBES;13454.0;59.0;;;;;13455;19;13456.0;40.0;;;13455.0;0.0
-1;14800;DJEMBES;13454.0;47.0;;;;;13456;47;;;;;13455.0;0.0
-1;14900;DJEMBES;13453.0;63.0;;;;;13455;63;;;;;13454.0;0.0
-1;15000;DJEMBES;13454.0;10.0;13453.0;77.0;;;13455;77;;;;;13454.0;0.0
-1;15100;DJEMBES;13454.0;77.0;;;;;13455;29;13456.0;48.0;;;13455.0;0.0
-1;15200;DJEMBES;13454.0;53.0;;;;;13455;23;13456.0;30.0;;;13455.0;0.0
-1;15300;DJEMBES;13453.0;47.0;;;;;13454;47;;;;;13453.5;0.0
-1;15400;DJEMBES;13453.0;62.0;;;;;13454;62;;;;;13453.5;0.0
-1;15500;DJEMBES;13453.0;58.0;;;;;13455;62;;;;;13454.0;0.0
-1;15600;DJEMBES;13453.0;73.0;;;;;13455;73;;;;;13454.0;0.0
-1;15700;DJEMBES;13454.0;70.0;;;;;13455;26;13456.0;44.0;;;13455.0;0.0
-1;15800;DJEMBES;13453.0;75.0;;;;;13455;75;;;;;13454.0;0.0
-1;15900;DJEMBES;13454.0;75.0;;;;;13455;26;13456.0;49.0;;;13455.0;0.0
-1;16000;DJEMBES;13455.0;15.0;13454.0;31.0;;;13456;46;;;;;13455.0;0.0
-1;16100;DJEMBES;13454.0;17.0;13453.0;39.0;;;13455;56;;;;;13454.0;0.0
-1;16200;DJEMBES;13454.0;63.0;;;;;13455;21;13456.0;42.0;;;13455.0;0.0
-1;16300;DJEMBES;13453.0;55.0;;;;;13454;18;13455.0;37.0;;;13454.0;0.0
-1;16400;DJEMBES;13454.0;30.0;13453.0;46.0;;;13455;76;;;;;13454.0;0.0
-1;16500;DJEMBES;13454.0;65.0;;;;;13455;28;13456.0;37.0;;;13455.0;0.0
-1;16600;DJEMBES;13455.0;15.0;13454.0;39.0;;;13456;54;;;;;13455.0;0.0
-1;16700;DJEMBES;13454.0;52.0;;;;;13455;52;;;;;13454.5;0.0
-1;16800;DJEMBES;13454.0;64.0;;;;;13455;64;;;;;13454.5;0.0
-1;16900;DJEMBES;13454.0;46.0;;;;;13455;16;13456.0;30.0;;;13455.0;0.0
-1;17000;DJEMBES;13454.0;64.0;;;;;13456;64;;;;;13455.0;0.0
-1;17100;DJEMBES;13454.0;61.0;;;;;13455;61;;;;;13454.5;0.0
-1;17200;DJEMBES;13455.0;70.0;;;;;13456;62;;;;;13455.5;0.0
-1;17300;DJEMBES;13456.0;63.0;;;;;13457;26;13458.0;37.0;;;13457.0;0.0
-1;17400;DJEMBES;13454.0;69.0;;;;;13455;24;13456.0;45.0;;;13455.0;0.0
-1;17500;DJEMBES;13454.0;64.0;;;;;13456;64;;;;;13455.0;0.0
-1;17600;DJEMBES;13454.0;67.0;;;;;13456;67;;;;;13455.0;0.0
-1;17700;DJEMBES;13459.0;18.0;13458.0;42.0;;;13460;60;;;;;13459.0;0.0
-1;17800;DJEMBES;13455.0;47.0;;;;;13457;47;;;;;13456.0;0.0
-1;17900;DJEMBES;13455.0;67.0;;;;;13457;67;;;;;13456.0;0.0
-1;18000;DJEMBES;13458.0;9.0;13457.0;68.0;;;13459;68;;;;;13458.0;0.0
-1;18100;DJEMBES;13456.0;73.0;;;;;13457;73;;;;;13456.5;0.0
-1;18200;DJEMBES;13455.0;65.0;;;;;13456;29;13457.0;36.0;;;13456.0;0.0
-1;18300;DJEMBES;13455.0;28.0;13454.0;49.0;;;13456;77;;;;;13455.0;0.0
-1;18400;DJEMBES;13454.0;64.0;;;;;13456;64;;;;;13455.0;0.0
-1;18500;DJEMBES;13455.0;58.0;;;;;13456;18;13457.0;40.0;;;13456.0;0.0
-1;18600;DJEMBES;13455.0;66.0;;;;;13456;66;;;;;13455.5;0.0
-1;18700;DJEMBES;13455.0;67.0;;;;;13456;67;;;;;13455.5;0.0
-1;18800;DJEMBES;13455.0;67.0;;;;;13457;67;;;;;13456.0;0.0
-1;18900;DJEMBES;13454.0;50.0;;;;;13455;50;;;;;13454.5;0.0
-1;19000;DJEMBES;13451.0;54.0;;;;;13452;23;13453.0;31.0;;;13452.0;0.0
-1;19100;DJEMBES;13450.0;60.0;;;;;13451;60;;;;;13450.5;0.0
-1;19200;DJEMBES;13451.0;56.0;;;;;13452;56;;;;;13451.5;0.0
-1;19300;DJEMBES;13451.0;30.0;13450.0;44.0;;;13452;74;;;;;13451.0;0.0
-1;19400;DJEMBES;13450.0;59.0;;;;;13452;59;;;;;13451.0;0.0
-1;19500;DJEMBES;13449.0;74.0;;;;;13450;28;13451.0;46.0;;;13450.0;0.0
-1;19600;DJEMBES;13450.0;66.0;;;;;13451;66;;;;;13450.5;0.0
-1;19700;DJEMBES;13450.0;64.0;;;;;13451;19;13452.0;45.0;;;13451.0;0.0
-1;19800;DJEMBES;13450.0;55.0;;;;;13452;55;;;;;13451.0;0.0
-1;19900;DJEMBES;13450.0;78.0;;;;;13451;78;;;;;13450.5;0.0
-1;20000;DJEMBES;13450.0;61.0;;;;;13451;61;;;;;13450.5;0.0
-1;20100;DJEMBES;13451.0;71.0;;;;;13452;71;;;;;13451.5;0.0
-1;20200;DJEMBES;13450.0;61.0;;;;;13451;25;13452.0;36.0;;;13451.0;0.0
-1;20300;DJEMBES;13451.0;22.0;13450.0;41.0;;;13452;63;;;;;13451.0;0.0
-1;20400;DJEMBES;13450.0;58.0;;;;;13452;58;;;;;13451.0;0.0
-1;20500;DJEMBES;13451.0;61.0;;;;;13452;61;;;;;13451.5;0.0
-1;20600;DJEMBES;13451.0;61.0;;;;;13452;21;13453.0;40.0;;;13452.0;0.0
-1;20700;DJEMBES;13450.0;59.0;;;;;13452;59;;;;;13451.0;0.0
-1;20800;DJEMBES;13450.0;68.0;;;;;13451;20;13452.0;48.0;;;13451.0;0.0
-1;20900;DJEMBES;13451.0;59.0;;;;;13453;59;;;;;13452.0;0.0
-1;21000;DJEMBES;13451.0;50.0;;;;;13453;50;;;;;13452.0;0.0
-1;21100;DJEMBES;13452.0;25.0;13451.0;33.0;;;13453;58;;;;;13452.0;0.0
-1;21200;DJEMBES;13452.0;68.0;;;;;13453;68;;;;;13452.5;0.0
-1;21300;DJEMBES;13451.0;45.0;;;;;13453;45;;;;;13452.0;0.0
-1;21400;DJEMBES;13451.0;66.0;;;;;13452;66;;;;;13451.5;0.0
-1;21500;DJEMBES;13451.0;62.0;;;;;13453;62;;;;;13452.0;0.0
-1;21600;DJEMBES;13452.0;57.0;;;;;13453;57;;;;;13452.5;0.0
-1;21700;DJEMBES;13451.0;62.0;;;;;13452;62;;;;;13451.5;0.0
-1;21800;DJEMBES;13451.0;16.0;13450.0;41.0;;;13452;57;;;;;13451.0;0.0
-1;21900;DJEMBES;13451.0;66.0;;;;;13452;66;;;;;13451.5;0.0
-1;22000;DJEMBES;13454.0;61.0;;;;;13455;61;;;;;13454.5;0.0
-1;22100;DJEMBES;13454.0;60.0;;;;;13455;60;;;;;13454.5;0.0
-1;22200;DJEMBES;13452.0;30.0;13451.0;34.0;;;13453;64;;;;;13452.0;0.0
-1;22300;DJEMBES;13451.0;73.0;;;;;13453;73;;;;;13452.0;0.0
-1;22400;DJEMBES;13453.0;71.0;;;;;13454;24;13455.0;47.0;;;13454.0;0.0
-1;22500;DJEMBES;13452.0;57.0;;;;;13454;57;;;;;13453.0;0.0
-1;22600;DJEMBES;13453.0;51.0;;;;;13454;21;13455.0;30.0;;;13454.0;0.0
-1;22700;DJEMBES;13453.0;72.0;;;;;13455;72;;;;;13454.0;0.0
-1;22800;DJEMBES;13453.0;67.0;;;;;13454;67;;;;;13453.5;0.0
-1;22900;DJEMBES;13451.0;19.0;13450.0;47.0;;;13452;66;;;;;13451.0;0.0
-1;23000;DJEMBES;13450.0;76.0;;;;;13452;76;;;;;13451.0;0.0
-1;23100;DJEMBES;13451.0;29.0;13450.0;49.0;;;13452;78;;;;;13451.0;0.0
-1;23200;DJEMBES;13451.0;63.0;;;;;13453;63;;;;;13452.0;0.0
-1;23300;DJEMBES;13452.0;61.0;;;;;13453;61;;;;;13452.5;0.0
-1;23400;DJEMBES;13451.0;64.0;;;;;13452;64;;;;;13451.5;0.0
-1;23500;DJEMBES;13450.0;72.0;;;;;13451;30;13452.0;42.0;;;13451.0;0.0
-1;23600;DJEMBES;13450.0;57.0;;;;;13451;57;;;;;13450.5;0.0
-1;23700;DJEMBES;13450.0;72.0;;;;;13451;72;;;;;13450.5;0.0
-1;23800;DJEMBES;13450.0;55.0;;;;;13451;55;;;;;13450.5;0.0
-1;23900;DJEMBES;13451.0;55.0;;;;;13453;55;;;;;13452.0;0.0
-1;24000;DJEMBES;13452.0;20.0;13451.0;44.0;;;13453;64;;;;;13452.0;0.0
-1;24100;DJEMBES;13451.0;71.0;;;;;13453;71;;;;;13452.0;0.0
-1;24200;DJEMBES;13451.0;66.0;;;;;13453;66;;;;;13452.0;0.0
-1;24300;DJEMBES;13450.0;49.0;;;;;13452;49;;;;;13451.0;0.0
-1;24400;DJEMBES;13450.0;61.0;;;;;13452;61;;;;;13451.0;0.0
-1;24500;DJEMBES;13451.0;75.0;;;;;13453;75;;;;;13452.0;0.0
-1;24600;DJEMBES;13452.0;28.0;13451.0;42.0;;;13453;70;;;;;13452.0;0.0
-1;24700;DJEMBES;13451.0;54.0;;;;;13453;54;;;;;13452.0;0.0
-1;24800;DJEMBES;13452.0;55.0;;;;;13453;55;;;;;13452.5;0.0
-1;24900;DJEMBES;13453.0;55.0;;;;;13454;23;13455.0;32.0;;;13454.0;0.0
-1;25000;DJEMBES;13454.0;60.0;;;;;13455;20;13456.0;40.0;;;13455.0;0.0
-1;25100;DJEMBES;13455.0;64.0;;;;;13456;24;13457.0;40.0;;;13456.0;0.0
-1;25200;DJEMBES;13455.0;55.0;;;;;13456;55;;;;;13455.5;0.0
-1;25300;DJEMBES;13455.0;60.0;;;;;13457;60;;;;;13456.0;0.0
-1;25400;DJEMBES;13455.0;56.0;;;;;13456;56;;;;;13455.5;0.0
-1;25500;DJEMBES;13455.0;73.0;;;;;13456;28;13457.0;45.0;;;13456.0;0.0
-1;25600;DJEMBES;13455.0;76.0;;;;;13457;76;;;;;13456.0;0.0
-1;25700;DJEMBES;13455.0;63.0;;;;;13456;30;13457.0;33.0;;;13456.0;0.0
-1;25800;DJEMBES;13455.0;76.0;;;;;13457;76;;;;;13456.0;0.0
-1;25900;DJEMBES;13456.0;68.0;;;;;13457;68;;;;;13456.5;0.0
-1;26000;DJEMBES;13457.0;56.0;;;;;13459;56;;;;;13458.0;0.0
-1;26100;DJEMBES;13458.0;19.0;13457.0;34.0;;;13459;53;;;;;13458.0;0.0
-1;26200;DJEMBES;13458.0;59.0;;;;;13460;59;;;;;13459.0;0.0
-1;26300;DJEMBES;13457.0;74.0;;;;;13458;24;13459.0;50.0;;;13458.0;0.0
-1;26400;DJEMBES;13457.0;46.0;;;;;13458;46;;;;;13457.5;0.0
-1;26500;DJEMBES;13457.0;20.0;13456.0;45.0;;;13458;65;;;;;13457.0;0.0
-1;26600;DJEMBES;13457.0;66.0;;;;;13458;28;13459.0;38.0;;;13458.0;0.0
-1;26700;DJEMBES;13457.0;53.0;;;;;13459;53;;;;;13458.0;0.0
-1;26800;DJEMBES;13459.0;58.0;;;;;13460;58;;;;;13459.5;0.0
-1;26900;DJEMBES;13458.0;65.0;;;;;13460;65;;;;;13459.0;0.0
-1;27000;DJEMBES;13459.0;74.0;;;;;13460;67;;;;;13459.5;0.0
-1;27100;DJEMBES;13458.0;56.0;;;;;13459;56;;;;;13458.5;0.0
-1;27200;DJEMBES;13458.0;62.0;;;;;13460;62;;;;;13459.0;0.0
-1;27300;DJEMBES;13458.0;15.0;13457.0;30.0;;;13459;45;;;;;13458.0;0.0
-1;27400;DJEMBES;13458.0;60.0;;;;;13459;29;13460.0;31.0;;;13459.0;0.0
-1;27500;DJEMBES;13458.0;65.0;;;;;13460;65;;;;;13459.0;0.0
-1;27600;DJEMBES;13458.0;15.0;13457.0;50.0;;;13459;65;;;;;13458.0;0.0
-1;27700;DJEMBES;13458.0;55.0;;;;;13459;66;;;;;13458.5;0.0
-1;27800;DJEMBES;13457.0;25.0;13456.0;41.0;;;13458;66;;;;;13457.0;0.0
-1;27900;DJEMBES;13459.0;55.0;;;;;13460;55;;;;;13459.5;0.0
-1;28000;DJEMBES;13460.0;19.0;13459.0;30.0;;;13461;49;;;;;13460.0;0.0
-1;28100;DJEMBES;13459.0;55.0;;;;;13461;55;;;;;13460.0;0.0
-1;28200;DJEMBES;13460.0;15.0;13459.0;36.0;;;13461;51;;;;;13460.0;0.0
-1;28300;DJEMBES;13460.0;71.0;;;;;13461;71;;;;;13460.5;0.0
-1;28400;DJEMBES;13459.0;59.0;;;;;13460;19;13461.0;40.0;;;13460.0;0.0
-1;28500;DJEMBES;13458.0;58.0;;;;;13460;58;;;;;13459.0;0.0
-1;28600;DJEMBES;13459.0;59.0;;;;;13460;15;13461.0;44.0;;;13460.0;0.0
-1;28700;DJEMBES;13459.0;50.0;;;;;13460;15;13461.0;35.0;;;13460.0;0.0
-1;28800;DJEMBES;13459.0;60.0;;;;;13461;60;;;;;13460.0;0.0
-1;28900;DJEMBES;13460.0;61.0;;;;;13461;17;13462.0;44.0;;;13461.0;0.0
-1;29000;DJEMBES;13461.0;69.0;;;;;13462;9;13463.0;69.0;;;13462.0;0.0
-1;29100;DJEMBES;13464.0;70.0;;;;;13465;70;;;;;13464.5;0.0
-1;29200;DJEMBES;13464.0;78.0;;;;;13465;78;;;;;13464.5;0.0
-1;29300;DJEMBES;13465.0;75.0;;;;;13467;75;;;;;13466.0;0.0
-1;29400;DJEMBES;13466.0;53.0;;;;;13467;53;;;;;13466.5;0.0
-1;29500;DJEMBES;13466.0;69.0;;;;;13467;23;13468.0;46.0;;;13467.0;0.0
-1;29600;DJEMBES;13465.0;22.0;13464.0;35.0;;;13466;57;;;;;13465.0;0.0
-1;29700;DJEMBES;13465.0;58.0;;;;;13466;24;13467.0;34.0;;;13466.0;0.0
-1;29800;DJEMBES;13465.0;66.0;;;;;13467;66;;;;;13466.0;0.0
-1;29900;DJEMBES;13466.0;59.0;;;;;13468;59;;;;;13467.0;0.0
-1;30000;DJEMBES;13465.0;70.0;;;;;13466;25;13467.0;45.0;;;13466.0;0.0
-1;30100;DJEMBES;13464.0;76.0;;;;;13465;76;;;;;13464.5;0.0
-1;30200;DJEMBES;13463.0;70.0;;;;;13464;70;;;;;13463.5;0.0
-1;30300;DJEMBES;13462.0;60.0;;;;;13463;60;;;;;13462.5;0.0
-1;30400;DJEMBES;13461.0;59.0;;;;;13462;59;;;;;13461.5;0.0
-1;30500;DJEMBES;13461.0;71.0;;;;;13462;21;13463.0;50.0;;;13462.0;0.0
-1;30600;DJEMBES;13461.0;55.0;;;;;13462;55;;;;;13461.5;0.0
-1;30700;DJEMBES;13462.0;19.0;13461.0;37.0;;;13463;56;;;;;13462.0;0.0
-1;30800;DJEMBES;13461.0;58.0;;;;;13462;15;13463.0;43.0;;;13462.0;0.0
-1;30900;DJEMBES;13461.0;65.0;;;;;13462;65;;;;;13461.5;0.0
-1;31000;DJEMBES;13461.0;54.0;;;;;13462;54;;;;;13461.5;0.0
-1;31100;DJEMBES;13460.0;29.0;13459.0;44.0;;;13461;73;;;;;13460.0;0.0
-1;31200;DJEMBES;13461.0;30.0;13460.0;45.0;;;13462;75;;;;;13461.0;0.0
-1;31300;DJEMBES;13461.0;63.0;;;;;13462;17;13463.0;46.0;;;13462.0;0.0
-1;31400;DJEMBES;13461.0;69.0;;;;;13462;24;13463.0;45.0;;;13462.0;0.0
-1;31500;DJEMBES;13459.0;65.0;;;;;13461;65;;;;;13460.0;0.0
-1;31600;DJEMBES;13459.0;62.0;;;;;13461;62;;;;;13460.0;0.0
-1;31700;DJEMBES;13459.0;73.0;;;;;13461;73;;;;;13460.0;0.0
-1;31800;DJEMBES;13459.0;70.0;;;;;13461;70;;;;;13460.0;0.0
-1;31900;DJEMBES;13460.0;59.0;;;;;13462;59;;;;;13461.0;0.0
-1;32000;DJEMBES;13460.0;61.0;;;;;13461;61;;;;;13460.5;0.0
-1;32100;DJEMBES;13459.0;28.0;13458.0;31.0;;;13460;59;;;;;13459.0;0.0
-1;32200;DJEMBES;13459.0;61.0;;;;;13460;61;;;;;13459.5;0.0
-1;32300;DJEMBES;13459.0;72.0;;;;;13460;72;;;;;13459.5;0.0
-1;32400;DJEMBES;13459.0;72.0;;;;;13461;72;;;;;13460.0;0.0
-1;32500;DJEMBES;13459.0;68.0;;;;;13461;68;;;;;13460.0;0.0
-1;32600;DJEMBES;13458.0;67.0;;;;;13459;67;;;;;13458.5;0.0
-1;32700;DJEMBES;13458.0;16.0;13457.0;49.0;;;13459;65;;;;;13458.0;0.0
-1;32800;DJEMBES;13457.0;56.0;;;;;13459;56;;;;;13458.0;0.0
-1;32900;DJEMBES;13457.0;55.0;;;;;13458;55;;;;;13457.5;0.0
-1;33000;DJEMBES;13458.0;24.0;13457.0;38.0;;;13459;62;;;;;13458.0;0.0
-1;33100;DJEMBES;13458.0;30.0;13457.0;36.0;;;13459;66;;;;;13458.0;0.0
-1;33200;DJEMBES;13456.0;56.0;;;;;13457;56;;;;;13456.5;0.0
-1;33300;DJEMBES;13455.0;22.0;13454.0;43.0;;;13456;65;;;;;13455.0;0.0
-1;33400;DJEMBES;13455.0;65.0;;;;;13456;65;;;;;13455.5;0.0
-1;33500;DJEMBES;13454.0;71.0;;;;;13456;71;;;;;13455.0;0.0
-1;33600;DJEMBES;13454.0;49.0;;;;;13456;49;;;;;13455.0;0.0
-1;33700;DJEMBES;13455.0;62.0;;;;;13456;62;;;;;13455.5;0.0
-1;33800;DJEMBES;13455.0;62.0;;;;;13456;62;;;;;13455.5;0.0
-1;33900;DJEMBES;13454.0;75.0;;;;;13455;30;13456.0;45.0;;;13455.0;0.0
-1;34000;DJEMBES;13454.0;75.0;;;;;13455;75;;;;;13454.5;0.0
-1;34100;DJEMBES;13454.0;56.0;;;;;13455;56;;;;;13454.5;0.0
-1;34200;DJEMBES;13453.0;58.0;;;;;13455;58;;;;;13454.0;0.0
-1;34300;DJEMBES;13454.0;23.0;13453.0;31.0;;;13455;54;;;;;13454.0;0.0
-1;34400;DJEMBES;13454.0;51.0;;;;;13455;51;;;;;13454.5;0.0
-1;34500;DJEMBES;13453.0;56.0;;;;;13455;56;;;;;13454.0;0.0
-1;34600;DJEMBES;13453.0;55.0;;;;;13454;23;13455.0;32.0;;;13454.0;0.0
-1;34700;DJEMBES;13453.0;48.0;;;;;13454;48;;;;;13453.5;0.0
-1;34800;DJEMBES;13452.0;58.0;;;;;13454;58;;;;;13453.0;0.0
-1;34900;DJEMBES;13452.0;38.0;;;;;13454;49;;;;;13453.0;0.0
-1;35000;DJEMBES;13451.0;69.0;;;;;13452;69;;;;;13451.5;0.0
-1;35100;DJEMBES;13451.0;61.0;;;;;13452;24;13453.0;37.0;;;13452.0;0.0
-1;35200;DJEMBES;13451.0;65.0;;;;;13452;65;;;;;13451.5;0.0
-1;35300;DJEMBES;13451.0;22.0;13450.0;40.0;;;13452;62;;;;;13451.0;0.0
-1;35400;DJEMBES;13450.0;60.0;;;;;13451;24;13452.0;36.0;;;13451.0;0.0
-1;35500;DJEMBES;13450.0;74.0;;;;;13452;74;;;;;13451.0;0.0
-1;35600;DJEMBES;13450.0;48.0;;;;;13451;48;;;;;13450.5;0.0
-1;35700;DJEMBES;13451.0;23.0;13450.0;32.0;;;13452;55;;;;;13451.0;0.0
-1;35800;DJEMBES;13450.0;62.0;;;;;13451;62;;;;;13450.5;0.0
-1;35900;DJEMBES;13449.0;76.0;;;;;13451;76;;;;;13450.0;0.0
-1;36000;DJEMBES;13449.0;61.0;;;;;13450;26;13451.0;35.0;;;13450.0;0.0
-1;36100;DJEMBES;13450.0;22.0;13449.0;39.0;;;13451;61;;;;;13450.0;0.0
-1;36200;DJEMBES;13450.0;59.0;;;;;13451;18;13452.0;41.0;;;13451.0;0.0
-1;36300;DJEMBES;13450.0;68.0;;;;;13451;22;13452.0;46.0;;;13451.0;0.0
-1;36400;DJEMBES;13451.0;23.0;13450.0;39.0;;;13452;62;;;;;13451.0;0.0
-1;36500;DJEMBES;13449.0;60.0;;;;;13450;27;13451.0;33.0;;;13450.0;0.0
-1;36600;DJEMBES;13449.0;25.0;13448.0;36.0;;;13450;61;;;;;13449.0;0.0
-1;36700;DJEMBES;13449.0;59.0;;;;;13450;59;;;;;13449.5;0.0
-1;36800;DJEMBES;13449.0;63.0;;;;;13450;16;13451.0;47.0;;;13450.0;0.0
-1;36900;DJEMBES;13449.0;77.0;;;;;13451;77;;;;;13450.0;0.0
-1;37000;DJEMBES;13449.0;52.0;;;;;13450;17;13451.0;35.0;;;13450.0;0.0
-1;37100;DJEMBES;13449.0;79.0;;;;;13450;79;;;;;13449.5;0.0
-1;37200;DJEMBES;13449.0;73.0;;;;;13450;73;;;;;13449.5;0.0
-1;37300;DJEMBES;13449.0;57.0;;;;;13450;57;;;;;13449.5;0.0
-1;37400;DJEMBES;13450.0;68.0;;;;;13451;68;;;;;13450.5;0.0
-1;37500;DJEMBES;13452.0;24.0;13451.0;41.0;;;13453;65;;;;;13452.0;0.0
-1;37600;DJEMBES;13451.0;69.0;;;;;13452;26;13453.0;43.0;;;13452.0;0.0
-1;37700;DJEMBES;13452.0;18.0;13451.0;43.0;;;13453;61;;;;;13452.0;0.0
-1;37800;DJEMBES;13454.0;61.0;;;;;13455;21;13456.0;40.0;;;13455.0;0.0
-1;37900;DJEMBES;13455.0;76.0;;;;;13457;76;;;;;13456.0;0.0
-1;38000;DJEMBES;13455.0;26.0;13454.0;31.0;;;13456;57;;;;;13455.0;0.0
-1;38100;DJEMBES;13454.0;59.0;;;;;13456;59;;;;;13455.0;0.0
-1;38200;DJEMBES;13455.0;51.0;;;;;13456;20;13457.0;31.0;;;13456.0;0.0
-1;38300;DJEMBES;13455.0;71.0;;;;;13456;71;;;;;13455.5;0.0
-1;38400;DJEMBES;13456.0;75.0;;;;;13457;75;;;;;13456.5;0.0
-1;38500;DJEMBES;13457.0;24.0;13456.0;44.0;;;13458;68;;;;;13457.0;0.0
-1;38600;DJEMBES;13458.0;51.0;;;;;13460;51;;;;;13459.0;0.0
-1;38700;DJEMBES;13458.0;69.0;;;;;13459;27;13460.0;42.0;;;13459.0;0.0
-1;38800;DJEMBES;13459.0;59.0;;;;;13460;26;13461.0;33.0;;;13460.0;0.0
-1;38900;DJEMBES;13459.0;25.0;13458.0;47.0;;;13460;72;;;;;13459.0;0.0
-1;39000;DJEMBES;13460.0;67.0;;;;;13461;67;;;;;13460.5;0.0
-1;39100;DJEMBES;13459.0;64.0;;;;;13460;64;;;;;13459.5;0.0
-1;39200;DJEMBES;13460.0;68.0;;;;;13462;68;;;;;13461.0;0.0
-1;39300;DJEMBES;13460.0;15.0;13459.0;38.0;;;13461;53;;;;;13460.0;0.0
-1;39400;DJEMBES;13460.0;61.0;;;;;13461;61;;;;;13460.5;0.0
-1;39500;DJEMBES;13460.0;61.0;;;;;13461;61;;;;;13460.5;0.0
-1;39600;DJEMBES;13461.0;52.0;;;;;13462;52;;;;;13461.5;0.0
-1;39700;DJEMBES;13461.0;52.0;;;;;13463;52;;;;;13462.0;0.0
-1;39800;DJEMBES;13460.0;25.0;13459.0;37.0;;;13461;62;;;;;13460.0;0.0
-1;39900;DJEMBES;13460.0;59.0;;;;;13461;59;;;;;13460.5;0.0
-1;40000;DJEMBES;13460.0;59.0;;;;;13461;59;;;;;13460.5;0.0
-1;40100;DJEMBES;13461.0;69.0;;;;;13462;69;;;;;13461.5;0.0
-1;40200;DJEMBES;13461.0;70.0;;;;;13462;70;;;;;13461.5;0.0
-1;40300;DJEMBES;13461.0;67.0;;;;;13463;67;;;;;13462.0;0.0
-1;40400;DJEMBES;13461.0;71.0;;;;;13462;28;13463.0;43.0;;;13462.0;0.0
-1;40500;DJEMBES;13461.0;64.0;;;;;13462;64;;;;;13461.5;0.0
-1;40600;DJEMBES;13461.0;75.0;;;;;13463;75;;;;;13462.0;0.0
-1;40700;DJEMBES;13463.0;55.0;;;;;13464;55;;;;;13463.5;0.0
-1;40800;DJEMBES;13464.0;75.0;;;;;13465;75;;;;;13464.5;0.0
-1;40900;DJEMBES;13463.0;57.0;;;;;13464;57;;;;;13463.5;0.0
-1;41000;DJEMBES;13462.0;57.0;;;;;13463;57;;;;;13462.5;0.0
-1;41100;DJEMBES;13462.0;25.0;13461.0;38.0;;;13463;63;;;;;13462.0;0.0
-1;41200;DJEMBES;13462.0;73.0;;;;;13463;73;;;;;13462.5;0.0
-1;41300;DJEMBES;13462.0;49.0;;;;;13463;49;;;;;13462.5;0.0
-1;41400;DJEMBES;13462.0;60.0;;;;;13464;60;;;;;13463.0;0.0
-1;41500;DJEMBES;13465.0;21.0;13464.0;45.0;;;13466;66;;;;;13465.0;0.0
-1;41600;DJEMBES;13465.0;17.0;13464.0;35.0;;;13466;52;;;;;13465.0;0.0
-1;41700;DJEMBES;13466.0;60.0;;;;;13467;25;13468.0;35.0;;;13467.0;0.0
-1;41800;DJEMBES;13466.0;72.0;;;;;13467;27;13468.0;45.0;;;13467.0;0.0
-1;41900;DJEMBES;13466.0;73.0;;;;;13467;73;;;;;13466.5;0.0
-1;42000;DJEMBES;13466.0;66.0;;;;;13467;22;13468.0;44.0;;;13467.0;0.0
-1;42100;DJEMBES;13466.0;52.0;;;;;13467;52;;;;;13466.5;0.0
-1;42200;DJEMBES;13466.0;65.0;;;;;13467;27;13468.0;38.0;;;13467.0;0.0
-1;42300;DJEMBES;13466.0;51.0;;;;;13467;15;13468.0;36.0;;;13467.0;0.0
-1;42400;DJEMBES;13466.0;65.0;;;;;13468;65;;;;;13467.0;0.0
-1;42500;DJEMBES;13468.0;64.0;;;;;13470;64;;;;;13469.0;0.0
-1;42600;DJEMBES;13467.0;49.0;;;;;13468;19;13469.0;30.0;;;13468.0;0.0
-1;42700;DJEMBES;13467.0;56.0;;;;;13468;56;;;;;13467.5;0.0
-1;42800;DJEMBES;13466.0;55.0;;;;;13468;55;;;;;13467.0;0.0
-1;42900;DJEMBES;13466.0;61.0;;;;;13467;61;;;;;13466.5;0.0
-1;43000;DJEMBES;13465.0;74.0;;;;;13466;25;13467.0;49.0;;;13466.0;0.0
-1;43100;DJEMBES;13467.0;22.0;13466.0;50.0;;;13468;72;;;;;13467.0;0.0
-1;43200;DJEMBES;13467.0;51.0;;;;;13468;21;13469.0;30.0;;;13468.0;0.0
-1;43300;DJEMBES;13468.0;62.0;;;;;13469;62;;;;;13468.5;0.0
-1;43400;DJEMBES;13470.0;67.0;;;;;13471;30;13472.0;37.0;;;13471.0;0.0
-1;43500;DJEMBES;13469.0;53.0;;;;;13471;53;;;;;13470.0;0.0
-1;43600;DJEMBES;13469.0;44.0;;;;;13470;15;13471.0;37.0;;;13470.0;0.0
-1;43700;DJEMBES;13469.0;65.0;;;;;13471;65;;;;;13470.0;0.0
-1;43800;DJEMBES;13470.0;64.0;;;;;13471;64;;;;;13470.5;0.0
-1;43900;DJEMBES;13470.0;49.0;;;;;13471;49;;;;;13470.5;0.0
-1;44000;DJEMBES;13469.0;76.0;;;;;13471;76;;;;;13470.0;0.0
-1;44100;DJEMBES;13470.0;62.0;;;;;13471;62;;;;;13470.5;0.0
-1;44200;DJEMBES;13470.0;63.0;;;;;13471;27;13472.0;36.0;;;13471.0;0.0
-1;44300;DJEMBES;13470.0;69.0;;;;;13472;69;;;;;13471.0;0.0
-1;44400;DJEMBES;13471.0;62.0;;;;;13472;62;;;;;13471.5;0.0
-1;44500;DJEMBES;13470.0;67.0;;;;;13471;29;13472.0;38.0;;;13471.0;0.0
-1;44600;DJEMBES;13470.0;66.0;;;;;13471;29;13472.0;37.0;;;13471.0;0.0
-1;44700;DJEMBES;13470.0;69.0;;;;;13471;69;;;;;13470.5;0.0
-1;44800;DJEMBES;13469.0;49.0;;;;;13470;49;;;;;13469.5;0.0
-1;44900;DJEMBES;13468.0;61.0;;;;;13470;61;;;;;13469.0;0.0
-1;45000;DJEMBES;13469.0;29.0;13468.0;42.0;;;13470;71;;;;;13469.0;0.0
-1;45100;DJEMBES;13469.0;58.0;;;;;13471;58;;;;;13470.0;0.0
-1;45200;DJEMBES;13470.0;27.0;13469.0;42.0;;;13471;69;;;;;13470.0;0.0
-1;45300;DJEMBES;13469.0;55.0;;;;;13470;16;13471.0;39.0;;;13470.0;0.0
-1;45400;DJEMBES;13469.0;26.0;13468.0;33.0;;;13470;59;;;;;13469.0;0.0
-1;45500;DJEMBES;13469.0;21.0;13468.0;38.0;;;13470;59;;;;;13469.0;0.0
-1;45600;DJEMBES;13467.0;57.0;;;;;13468;24;13469.0;33.0;;;13468.0;0.0
-1;45700;DJEMBES;13467.0;79.0;;;;;13469;79;;;;;13468.0;0.0
-1;45800;DJEMBES;13467.0;59.0;;;;;13468;59;;;;;13467.5;0.0
-1;45900;DJEMBES;13467.0;72.0;;;;;13468;72;;;;;13467.5;0.0
-1;46000;DJEMBES;13468.0;63.0;;;;;13469;63;;;;;13468.5;0.0
-1;46100;DJEMBES;13468.0;68.0;;;;;13469;68;;;;;13468.5;0.0
-1;46200;DJEMBES;13468.0;16.0;13467.0;40.0;;;13469;56;;;;;13468.0;0.0
-1;46300;DJEMBES;13467.0;71.0;;;;;13469;71;;;;;13468.0;0.0
-1;46400;DJEMBES;13466.0;72.0;;;;;13467;72;;;;;13466.5;0.0
-1;46500;DJEMBES;13466.0;61.0;;;;;13468;61;;;;;13467.0;0.0
-1;46600;DJEMBES;13466.0;58.0;;;;;13467;58;;;;;13466.5;0.0
-1;46700;DJEMBES;13462.0;62.0;;;;;13463;19;13464.0;43.0;;;13463.0;0.0
-1;46800;DJEMBES;13463.0;59.0;;;;;13464;59;;;;;13463.5;0.0
-1;46900;DJEMBES;13463.0;68.0;;;;;13464;22;13465.0;46.0;;;13464.0;0.0
-1;47000;DJEMBES;13463.0;20.0;13462.0;37.0;;;13464;57;;;;;13463.0;0.0
-1;47100;DJEMBES;13462.0;71.0;;;;;13463;22;13464.0;49.0;;;13463.0;0.0
-1;47200;DJEMBES;13462.0;63.0;;;;;13463;26;13464.0;37.0;;;13463.0;0.0
-1;47300;DJEMBES;13463.0;22.0;13462.0;48.0;;;13464;70;;;;;13463.0;0.0
-1;47400;DJEMBES;13462.0;60.0;;;;;13463;60;;;;;13462.5;0.0
-1;47500;DJEMBES;13462.0;67.0;;;;;13464;67;;;;;13463.0;0.0
-1;47600;DJEMBES;13462.0;30.0;13461.0;38.0;;;13463;68;;;;;13462.0;0.0
-1;47700;DJEMBES;13462.0;6.0;13461.0;55.0;;;13463;55;;;;;13462.0;0.0
-1;47800;DJEMBES;13461.0;59.0;;;;;13462;15;13463.0;44.0;;;13462.0;0.0
-1;47900;DJEMBES;13459.0;53.0;;;;;13460;53;;;;;13459.5;0.0
-1;48000;DJEMBES;13460.0;55.0;;;;;13461;55;;;;;13460.5;0.0
-1;48100;DJEMBES;13461.0;57.0;;;;;13463;57;;;;;13462.0;0.0
-1;48200;DJEMBES;13461.0;51.0;;;;;13462;15;13463.0;36.0;;;13462.0;0.0
-1;48300;DJEMBES;13461.0;49.0;;;;;13462;49;;;;;13461.5;0.0
-1;48400;DJEMBES;13461.0;49.0;;;;;13462;16;13463.0;33.0;;;13462.0;0.0
-1;48500;DJEMBES;13461.0;65.0;;;;;13463;65;;;;;13462.0;0.0
-1;48600;DJEMBES;13462.0;15.0;13461.0;46.0;;;13463;61;;;;;13462.0;0.0
-1;48700;DJEMBES;13460.0;64.0;;;;;13461;64;;;;;13460.5;0.0
-1;48800;DJEMBES;13459.0;70.0;;;;;13460;70;;;;;13459.5;0.0
-1;48900;DJEMBES;13459.0;68.0;;;;;13460;68;;;;;13459.5;0.0
-1;49000;DJEMBES;13459.0;70.0;;;;;13460;70;;;;;13459.5;0.0
-1;49100;DJEMBES;13459.0;67.0;;;;;13460;67;;;;;13459.5;0.0
-1;49200;DJEMBES;13459.0;67.0;;;;;13460;67;;;;;13459.5;0.0
-1;49300;DJEMBES;13458.0;67.0;;;;;13460;67;;;;;13459.0;0.0
-1;49400;DJEMBES;13457.0;64.0;;;;;13459;64;;;;;13458.0;0.0
-1;49500;DJEMBES;13457.0;68.0;;;;;13458;26;13459.0;42.0;;;13458.0;0.0
-1;49600;DJEMBES;13457.0;70.0;;;;;13458;26;13459.0;44.0;;;13458.0;0.0
-1;49700;DJEMBES;13457.0;20.0;13456.0;49.0;;;13458;69;;;;;13457.0;0.0
-1;49800;DJEMBES;13456.0;76.0;;;;;13458;76;;;;;13457.0;0.0
-1;49900;DJEMBES;13457.0;27.0;13456.0;46.0;;;13458;73;;;;;13457.0;0.0
-1;50000;DJEMBES;13457.0;50.0;;;;;13458;20;13459.0;30.0;;;13458.0;0.0
-1;50100;DJEMBES;13457.0;70.0;;;;;13458;70;;;;;13457.5;0.0
-1;50200;DJEMBES;13457.0;65.0;;;;;13458;26;13459.0;39.0;;;13458.0;0.0
-1;50300;DJEMBES;13458.0;19.0;13457.0;35.0;;;13459;54;;;;;13458.0;0.0
-1;50400;DJEMBES;13457.0;60.0;;;;;13459;60;;;;;13458.0;0.0
-1;50500;DJEMBES;13457.0;69.0;;;;;13459;69;;;;;13458.0;0.0
-1;50600;DJEMBES;13457.0;72.0;;;;;13458;72;;;;;13457.5;0.0
-1;50700;DJEMBES;13456.0;16.0;13455.0;32.0;;;13457;48;;;;;13456.0;0.0
-1;50800;DJEMBES;13456.0;53.0;;;;;13457;19;13458.0;34.0;;;13457.0;0.0
-1;50900;DJEMBES;13456.0;74.0;;;;;13457;30;13458.0;44.0;;;13457.0;0.0
-1;51000;DJEMBES;13457.0;20.0;13456.0;32.0;;;13458;52;;;;;13457.0;0.0
-1;51100;DJEMBES;13456.0;57.0;;;;;13457;57;;;;;13456.5;0.0
-1;51200;DJEMBES;13456.0;24.0;13455.0;36.0;;;13457;60;;;;;13456.0;0.0
-1;51300;DJEMBES;13457.0;69.0;;;;;13459;69;;;;;13458.0;0.0
-1;51400;DJEMBES;13457.0;65.0;;;;;13458;65;;;;;13457.5;0.0
-1;51500;DJEMBES;13457.0;64.0;;;;;13458;64;;;;;13457.5;0.0
-1;51600;DJEMBES;13456.0;48.0;;;;;13458;48;;;;;13457.0;0.0
-1;51700;DJEMBES;13456.0;66.0;;;;;13458;66;;;;;13457.0;0.0
-1;51800;DJEMBES;13456.0;17.0;13455.0;50.0;;;13457;67;;;;;13456.0;0.0
-1;51900;DJEMBES;13456.0;17.0;13455.0;40.0;;;13457;57;;;;;13456.0;0.0
-1;52000;DJEMBES;13456.0;54.0;;;;;13458;54;;;;;13457.0;0.0
-1;52100;DJEMBES;13456.0;48.0;;;;;13457;48;;;;;13456.5;0.0
-1;52200;DJEMBES;13456.0;60.0;;;;;13458;60;;;;;13457.0;0.0
-1;52300;DJEMBES;13457.0;68.0;;;;;13458;68;;;;;13457.5;0.0
-1;52400;DJEMBES;13457.0;68.0;;;;;13459;68;;;;;13458.0;0.0
-1;52500;DJEMBES;13458.0;28.0;13457.0;45.0;;;13459;73;;;;;13458.0;0.0
-1;52600;DJEMBES;13458.0;55.0;;;;;13459;55;;;;;13458.5;0.0
-1;52700;DJEMBES;13458.0;20.0;13457.0;38.0;;;13459;58;;;;;13458.0;0.0
-1;52800;DJEMBES;13457.0;67.0;;;;;13459;67;;;;;13458.0;0.0
-1;52900;DJEMBES;13457.0;50.0;;;;;13458;50;;;;;13457.5;0.0
-1;53000;DJEMBES;13457.0;49.0;;;;;13458;49;;;;;13457.5;0.0
-1;53100;DJEMBES;13457.0;61.0;;;;;13458;18;13459.0;43.0;;;13458.0;0.0
-1;53200;DJEMBES;13456.0;53.0;;;;;13457;53;;;;;13456.5;0.0
-1;53300;DJEMBES;13456.0;59.0;;;;;13457;59;;;;;13456.5;0.0
-1;53400;DJEMBES;13456.0;68.0;;;;;13457;18;13458.0;50.0;;;13457.0;0.0
-1;53500;DJEMBES;13457.0;49.0;;;;;13458;49;;;;;13457.5;0.0
-1;53600;DJEMBES;13458.0;61.0;;;;;13459;61;;;;;13458.5;0.0
-1;53700;DJEMBES;13458.0;67.0;;;;;13459;67;;;;;13458.5;0.0
-1;53800;DJEMBES;13456.0;55.0;;;;;13458;55;;;;;13457.0;0.0
-1;53900;DJEMBES;13456.0;75.0;;;;;13458;75;;;;;13457.0;0.0
-1;54000;DJEMBES;13457.0;60.0;;;;;13458;60;;;;;13457.5;0.0
-1;54100;DJEMBES;13457.0;68.0;;;;;13458;68;;;;;13457.5;0.0
-1;54200;DJEMBES;13458.0;55.0;;;;;13459;55;;;;;13458.5;0.0
-1;54300;DJEMBES;13457.0;65.0;;;;;13459;65;;;;;13458.0;0.0
-1;54400;DJEMBES;13457.0;76.0;;;;;13458;76;;;;;13457.5;0.0
-1;54500;DJEMBES;13457.0;73.0;;;;;13458;27;13459.0;46.0;;;13458.0;0.0
-1;54600;DJEMBES;13458.0;21.0;13457.0;47.0;;;13459;68;;;;;13458.0;0.0
-1;54700;DJEMBES;13458.0;17.0;13457.0;32.0;;;13459;49;;;;;13458.0;0.0
-1;54800;DJEMBES;13460.0;61.0;;;;;13461;61;;;;;13460.5;0.0
-1;54900;DJEMBES;13462.0;22.0;13461.0;44.0;;;13463;66;;;;;13462.0;0.0
-1;55000;DJEMBES;13461.0;66.0;;;;;13462;66;;;;;13461.5;0.0
-1;55100;DJEMBES;13461.0;69.0;;;;;13462;69;;;;;13461.5;0.0
-1;55200;DJEMBES;13459.0;49.0;;;;;13461;49;;;;;13460.0;0.0
-1;55300;DJEMBES;13459.0;57.0;;;;;13460;57;;;;;13459.5;0.0
-1;55400;DJEMBES;13460.0;65.0;;;;;13461;65;;;;;13460.5;0.0
-1;55500;DJEMBES;13459.0;72.0;;;;;13461;72;;;;;13460.0;0.0
-1;55600;DJEMBES;13460.0;22.0;13459.0;46.0;;;13461;68;;;;;13460.0;0.0
-1;55700;DJEMBES;13459.0;74.0;;;;;13461;74;;;;;13460.0;0.0
-1;55800;DJEMBES;13460.0;17.0;13459.0;32.0;;;13461;49;;;;;13460.0;0.0
-1;55900;DJEMBES;13460.0;58.0;;;;;13461;58;;;;;13460.5;0.0
-1;56000;DJEMBES;13459.0;68.0;;;;;13461;68;;;;;13460.0;0.0
-1;56100;DJEMBES;13460.0;69.0;;;;;13461;69;;;;;13460.5;0.0
-1;56200;DJEMBES;13460.0;29.0;13459.0;36.0;;;13461;65;;;;;13460.0;0.0
-1;56300;DJEMBES;13460.0;54.0;;;;;13461;54;;;;;13460.5;0.0
-1;56400;DJEMBES;13461.0;28.0;13460.0;49.0;;;13462;77;;;;;13461.0;0.0
-1;56500;DJEMBES;13461.0;68.0;;;;;13462;22;13463.0;46.0;;;13462.0;0.0
-1;56600;DJEMBES;13462.0;69.0;;;;;13464;69;;;;;13463.0;0.0
-1;56700;DJEMBES;13462.0;60.0;;;;;13463;60;;;;;13462.5;0.0
-1;56800;DJEMBES;13462.0;73.0;;;;;13463;73;;;;;13462.5;0.0
-1;56900;DJEMBES;13462.0;72.0;;;;;13463;27;13464.0;45.0;;;13463.0;0.0
-1;57000;DJEMBES;13462.0;51.0;;;;;13464;51;;;;;13463.0;0.0
-1;57100;DJEMBES;13463.0;69.0;;;;;13464;69;;;;;13463.5;0.0
-1;57200;DJEMBES;13464.0;54.0;;;;;13465;24;13466.0;30.0;;;13465.0;0.0
-1;57300;DJEMBES;13464.0;26.0;13463.0;48.0;;;13465;74;;;;;13464.0;0.0
-1;57400;DJEMBES;13462.0;55.0;;;;;13464;55;;;;;13463.0;0.0
-1;57500;DJEMBES;13465.0;17.0;13464.0;32.0;;;13466;49;;;;;13465.0;0.0
-1;57600;DJEMBES;13464.0;75.0;;;;;13466;75;;;;;13465.0;0.0
-1;57700;DJEMBES;13465.0;18.0;13464.0;50.0;;;13466;68;;;;;13465.0;0.0
-1;57800;DJEMBES;13464.0;65.0;;;;;13465;24;13466.0;41.0;;;13465.0;0.0
-1;57900;DJEMBES;13465.0;66.0;;;;;13466;20;13467.0;46.0;;;13466.0;0.0
-1;58000;DJEMBES;13465.0;59.0;;;;;13466;59;;;;;13465.5;0.0
-1;58100;DJEMBES;13467.0;51.0;;;;;13468;19;13469.0;32.0;;;13468.0;0.0
-1;58200;DJEMBES;13467.0;63.0;;;;;13469;63;;;;;13468.0;0.0
-1;58300;DJEMBES;13466.0;26.0;13465.0;50.0;;;13467;76;;;;;13466.0;0.0
-1;58400;DJEMBES;13466.0;79.0;;;;;13467;79;;;;;13466.5;0.0
-1;58500;DJEMBES;13467.0;63.0;;;;;13468;30;13469.0;33.0;;;13468.0;0.0
-1;58600;DJEMBES;13467.0;53.0;;;;;13468;20;13469.0;33.0;;;13468.0;0.0
-1;58700;DJEMBES;13466.0;53.0;;;;;13468;53;;;;;13467.0;0.0
-1;58800;DJEMBES;13466.0;72.0;;;;;13468;72;;;;;13467.0;0.0
-1;58900;DJEMBES;13466.0;59.0;;;;;13468;59;;;;;13467.0;0.0
-1;59000;DJEMBES;13465.0;67.0;;;;;13467;67;;;;;13466.0;0.0
-1;59100;DJEMBES;13465.0;49.0;;;;;13466;49;;;;;13465.5;0.0
-1;59200;DJEMBES;13465.0;50.0;;;;;13466;50;;;;;13465.5;0.0
-1;59300;DJEMBES;13461.0;56.0;;;;;13462;56;;;;;13461.5;0.0
-1;59400;DJEMBES;13461.0;63.0;;;;;13462;63;;;;;13461.5;0.0
-1;59500;DJEMBES;13462.0;25.0;13461.0;48.0;;;13463;73;;;;;13462.0;0.0
-1;59600;DJEMBES;13461.0;62.0;;;;;13463;62;;;;;13462.0;0.0
-1;59700;DJEMBES;13462.0;15.0;13461.0;31.0;;;13463;46;;;;;13462.0;0.0
-1;59800;DJEMBES;13461.0;70.0;;;;;13463;70;;;;;13462.0;0.0
-1;59900;DJEMBES;13463.0;22.0;13462.0;44.0;;;13464;66;;;;;13463.0;0.0
-1;60000;DJEMBES;13463.0;76.0;;;;;13464;30;13465.0;46.0;;;13464.0;0.0
-1;60100;DJEMBES;13463.0;70.0;;;;;13464;70;;;;;13463.5;0.0
-1;60200;DJEMBES;13463.0;65.0;;;;;13464;21;13465.0;44.0;;;13464.0;0.0
-1;60300;DJEMBES;13462.0;58.0;;;;;13464;58;;;;;13463.0;0.0
-1;60400;DJEMBES;13465.0;58.0;;;;;13467;58;;;;;13466.0;0.0
-1;60500;DJEMBES;13465.0;65.0;;;;;13466;65;;;;;13465.5;0.0
-1;60600;DJEMBES;13464.0;52.0;;;;;13465;22;13466.0;30.0;;;13465.0;0.0
-1;60700;DJEMBES;13463.0;59.0;;;;;13464;59;;;;;13463.5;0.0
-1;60800;DJEMBES;13463.0;48.0;;;;;13464;18;13465.0;30.0;;;13464.0;0.0
-1;60900;DJEMBES;13463.0;59.0;;;;;13464;25;13465.0;34.0;;;13464.0;0.0
-1;61000;DJEMBES;13462.0;62.0;;;;;13464;62;;;;;13463.0;0.0
-1;61100;DJEMBES;13462.0;67.0;;;;;13463;67;;;;;13462.5;0.0
-1;61200;DJEMBES;13461.0;62.0;;;;;13462;62;;;;;13461.5;0.0
-1;61300;DJEMBES;13461.0;57.0;;;;;13463;57;;;;;13462.0;0.0
-1;61400;DJEMBES;13460.0;59.0;;;;;13461;59;;;;;13460.5;0.0
-1;61500;DJEMBES;13460.0;59.0;;;;;13461;15;13462.0;44.0;;;13461.0;0.0
-1;61600;DJEMBES;13460.0;50.0;;;;;13461;20;13462.0;30.0;;;13461.0;0.0
-1;61700;DJEMBES;13466.0;26.0;13465.0;43.0;;;13467;69;;;;;13466.0;0.0
-1;61800;DJEMBES;13462.0;16.0;13461.0;30.0;;;13463;46;;;;;13462.0;0.0
-1;61900;DJEMBES;13461.0;64.0;;;;;13462;24;13463.0;40.0;;;13462.0;0.0
-1;62000;DJEMBES;13461.0;61.0;;;;;13462;18;13463.0;43.0;;;13462.0;0.0
-1;62100;DJEMBES;13460.0;48.0;;;;;13461;18;13462.0;30.0;;;13461.0;0.0
-1;62200;DJEMBES;13460.0;70.0;;;;;13461;70;;;;;13460.5;0.0
-1;62300;DJEMBES;13460.0;60.0;;;;;13461;60;;;;;13460.5;0.0
-1;62400;DJEMBES;13460.0;48.0;;;;;13461;48;;;;;13460.5;0.0
-1;62500;DJEMBES;13460.0;61.0;;;;;13461;61;;;;;13460.5;0.0
-1;62600;DJEMBES;13460.0;67.0;;;;;13462;67;;;;;13461.0;0.0
-1;62700;DJEMBES;13461.0;70.0;;;;;13462;70;;;;;13461.5;0.0
-1;62800;DJEMBES;13459.0;71.0;;;;;13460;71;;;;;13459.5;0.0
-1;62900;DJEMBES;13459.0;63.0;;;;;13461;63;;;;;13460.0;0.0
-1;63000;DJEMBES;13460.0;64.0;;;;;13462;64;;;;;13461.0;0.0
-1;63100;DJEMBES;13460.0;55.0;;;;;13462;55;;;;;13461.0;0.0
-1;63200;DJEMBES;13459.0;50.0;;;;;13460;20;13461.0;30.0;;;13460.0;0.0
-1;63300;DJEMBES;13459.0;60.0;;;;;13460;60;;;;;13459.5;0.0
-1;63400;DJEMBES;13459.0;52.0;;;;;13460;21;13461.0;31.0;;;13460.0;0.0
-1;63500;DJEMBES;13459.0;61.0;;;;;13460;22;13461.0;39.0;;;13460.0;0.0
-1;63600;DJEMBES;13460.0;61.0;;;;;13461;24;13462.0;37.0;;;13461.0;0.0
-1;63700;DJEMBES;13459.0;63.0;;;;;13461;63;;;;;13460.0;0.0
-1;63800;DJEMBES;13458.0;66.0;;;;;13460;66;;;;;13459.0;0.0
-1;63900;DJEMBES;13459.0;71.0;;;;;13460;71;;;;;13459.5;0.0
-1;64000;DJEMBES;13458.0;54.0;;;;;13460;54;;;;;13459.0;0.0
-1;64100;DJEMBES;13458.0;68.0;;;;;13460;68;;;;;13459.0;0.0
-1;64200;DJEMBES;13459.0;63.0;;;;;13460;63;;;;;13459.5;0.0
-1;64300;DJEMBES;13460.0;70.0;;;;;13461;70;;;;;13460.5;0.0
-1;64400;DJEMBES;13460.0;16.0;13459.0;34.0;;;13461;50;;;;;13460.0;0.0
-1;64500;DJEMBES;13460.0;61.0;;;;;13461;61;;;;;13460.5;0.0
-1;64600;DJEMBES;13459.0;66.0;;;;;13461;66;;;;;13460.0;0.0
-1;64700;DJEMBES;13463.0;64.0;;;;;13464;64;;;;;13463.5;0.0
-1;64800;DJEMBES;13463.0;18.0;13462.0;35.0;;;13464;53;;;;;13463.0;0.0
-1;64900;DJEMBES;13464.0;52.0;;;;;13466;52;;;;;13465.0;0.0
-1;65000;DJEMBES;13463.0;59.0;;;;;13464;59;;;;;13463.5;0.0
-1;65100;DJEMBES;13463.0;75.0;;;;;13464;28;13465.0;47.0;;;13464.0;0.0
-1;65200;DJEMBES;13463.0;16.0;13462.0;41.0;;;13464;57;;;;;13463.0;0.0
-1;65300;DJEMBES;13465.0;30.0;13464.0;39.0;;;13466;69;;;;;13465.0;0.0
-1;65400;DJEMBES;13464.0;66.0;;;;;13466;66;;;;;13465.0;0.0
-1;65500;DJEMBES;13466.0;30.0;13465.0;40.0;;;13467;70;;;;;13466.0;0.0
-1;65600;DJEMBES;13465.0;70.0;;;;;13466;29;13467.0;41.0;;;13466.0;0.0
-1;65700;DJEMBES;13467.0;18.0;13466.0;32.0;;;13468;50;;;;;13467.0;0.0
-1;65800;DJEMBES;13469.0;71.0;;;;;13470;21;13471.0;50.0;;;13470.0;0.0
-1;65900;DJEMBES;13470.0;69.0;;;;;13472;69;;;;;13471.0;0.0
-1;66000;DJEMBES;13470.0;71.0;;;;;13472;71;;;;;13471.0;0.0
-1;66100;DJEMBES;13470.0;65.0;;;;;13472;65;;;;;13471.0;0.0
-1;66200;DJEMBES;13470.0;30.0;13469.0;35.0;;;13471;65;;;;;13470.0;0.0
-1;66300;DJEMBES;13470.0;58.0;;;;;13471;24;13472.0;34.0;;;13471.0;0.0
-1;66400;DJEMBES;13471.0;64.0;;;;;13473;64;;;;;13472.0;0.0
-1;66500;DJEMBES;13473.0;26.0;13472.0;41.0;;;13474;67;;;;;13473.0;0.0
-1;66600;DJEMBES;13473.0;71.0;;;;;13475;71;;;;;13474.0;0.0
-1;66700;DJEMBES;13473.0;67.0;;;;;13474;20;13475.0;47.0;;;13474.0;0.0
-1;66800;DJEMBES;13474.0;62.0;;;;;13475;30;13476.0;32.0;;;13475.0;0.0
-1;66900;DJEMBES;13474.0;56.0;;;;;13476;56;;;;;13475.0;0.0
-1;67000;DJEMBES;13474.0;70.0;;;;;13476;70;;;;;13475.0;0.0
-1;67100;DJEMBES;13475.0;21.0;13474.0;41.0;;;13476;62;;;;;13475.0;0.0
-1;67200;DJEMBES;13475.0;55.0;;;;;13476;60;;;;;13475.5;0.0
-1;67300;DJEMBES;13476.0;53.0;;;;;13477;53;;;;;13476.5;0.0
-1;67400;DJEMBES;13477.0;50.0;;;;;13478;20;13479.0;30.0;;;13478.0;0.0
-1;67500;DJEMBES;13477.0;59.0;;;;;13478;59;;;;;13477.5;0.0
-1;67600;DJEMBES;13477.0;55.0;;;;;13478;55;;;;;13477.5;0.0
-1;67700;DJEMBES;13477.0;64.0;;;;;13478;64;;;;;13477.5;0.0
-1;67800;DJEMBES;13477.0;62.0;;;;;13478;62;;;;;13477.5;0.0
-1;67900;DJEMBES;13475.0;51.0;;;;;13476;51;;;;;13475.5;0.0
-1;68000;DJEMBES;13475.0;60.0;;;;;13476;60;;;;;13475.5;0.0
-1;68100;DJEMBES;13476.0;70.0;;;;;13477;70;;;;;13476.5;0.0
-1;68200;DJEMBES;13477.0;23.0;13476.0;39.0;;;13478;62;;;;;13477.0;0.0
-1;68300;DJEMBES;13477.0;21.0;13476.0;38.0;;;13478;59;;;;;13477.0;0.0
-1;68400;DJEMBES;13477.0;25.0;13476.0;39.0;;;13478;64;;;;;13477.0;0.0
-1;68500;DJEMBES;13477.0;21.0;13476.0;31.0;;;13478;52;;;;;13477.0;0.0
-1;68600;DJEMBES;13476.0;67.0;;;;;13478;67;;;;;13477.0;0.0
-1;68700;DJEMBES;13476.0;59.0;;;;;13477;59;;;;;13476.5;0.0
-1;68800;DJEMBES;13477.0;67.0;;;;;13478;67;;;;;13477.5;0.0
-1;68900;DJEMBES;13478.0;60.0;;;;;13479;60;;;;;13478.5;0.0
-1;69000;DJEMBES;13481.0;17.0;13480.0;30.0;;;13482;47;;;;;13481.0;0.0
-1;69100;DJEMBES;13480.0;76.0;;;;;13481;76;;;;;13480.5;0.0
-1;69200;DJEMBES;13479.0;62.0;;;;;13481;62;;;;;13480.0;0.0
-1;69300;DJEMBES;13479.0;22.0;13478.0;33.0;;;13480;55;;;;;13479.0;0.0
-1;69400;DJEMBES;13479.0;50.0;;;;;13480;50;;;;;13479.5;0.0
-1;69500;DJEMBES;13480.0;61.0;;;;;13481;24;13482.0;37.0;;;13481.0;0.0
-1;69600;DJEMBES;13480.0;58.0;;;;;13481;58;;;;;13480.5;0.0
-1;69700;DJEMBES;13479.0;21.0;13478.0;48.0;;;13480;69;;;;;13479.0;0.0
-1;69800;DJEMBES;13479.0;47.0;;;;;13481;47;;;;;13480.0;0.0
-1;69900;DJEMBES;13477.0;75.0;;;;;13478;25;13479.0;50.0;;;13478.0;0.0
-1;70000;DJEMBES;13477.0;53.0;;;;;13479;53;;;;;13478.0;0.0
-1;70100;DJEMBES;13478.0;60.0;;;;;13479;60;;;;;13478.5;0.0
-1;70200;DJEMBES;13478.0;63.0;;;;;13479;23;13480.0;49.0;;;13479.0;0.0
-1;70300;DJEMBES;13478.0;76.0;;;;;13480;76;;;;;13479.0;0.0
-1;70400;DJEMBES;13478.0;56.0;;;;;13479;56;;;;;13478.5;0.0
-1;70500;DJEMBES;13478.0;61.0;;;;;13480;61;;;;;13479.0;0.0
-1;70600;DJEMBES;13478.0;59.0;;;;;13479;24;13480.0;35.0;;;13479.0;0.0
-1;70700;DJEMBES;13480.0;50.0;;;;;13481;50;;;;;13480.5;0.0
-1;70800;DJEMBES;13480.0;62.0;;;;;13481;62;;;;;13480.5;0.0
-1;70900;DJEMBES;13479.0;58.0;;;;;13480;16;13481.0;42.0;;;13480.0;0.0
-1;71000;DJEMBES;13479.0;56.0;;;;;13480;21;13481.0;35.0;;;13480.0;0.0
-1;71100;DJEMBES;13479.0;53.0;;;;;13480;17;13481.0;36.0;;;13480.0;0.0
-1;71200;DJEMBES;13480.0;63.0;;;;;13481;63;;;;;13480.5;0.0
-1;71300;DJEMBES;13480.0;65.0;;;;;13482;65;;;;;13481.0;0.0
-1;71400;DJEMBES;13481.0;48.0;;;;;13483;48;;;;;13482.0;0.0
-1;71500;DJEMBES;13482.0;64.0;;;;;13484;64;;;;;13483.0;0.0
-1;71600;DJEMBES;13485.0;50.0;;;;;13486;20;13487.0;30.0;;;13486.0;0.0
-1;71700;DJEMBES;13484.0;78.0;;;;;13486;78;;;;;13485.0;0.0
-1;71800;DJEMBES;13484.0;15.0;13483.0;39.0;;;13485;54;;;;;13484.0;0.0
-1;71900;DJEMBES;13483.0;56.0;;;;;13484;18;13485.0;38.0;;;13484.0;0.0
-1;72000;DJEMBES;13484.0;61.0;;;;;13485;61;;;;;13484.5;0.0
-1;72100;DJEMBES;13484.0;61.0;;;;;13485;61;;;;;13484.5;0.0
-1;72200;DJEMBES;13483.0;62.0;;;;;13485;62;;;;;13484.0;0.0
-1;72300;DJEMBES;13483.0;65.0;;;;;13484;17;13485.0;48.0;;;13484.0;0.0
-1;72400;DJEMBES;13484.0;29.0;13483.0;42.0;;;13485;71;;;;;13484.0;0.0
-1;72500;DJEMBES;13484.0;65.0;;;;;13486;65;;;;;13485.0;0.0
-1;72600;DJEMBES;13485.0;76.0;;;;;13486;76;;;;;13485.5;0.0
-1;72700;DJEMBES;13485.0;57.0;;;;;13486;57;;;;;13485.5;0.0
-1;72800;DJEMBES;13485.0;51.0;;;;;13486;51;;;;;13485.5;0.0
-1;72900;DJEMBES;13485.0;66.0;;;;;13486;30;13487.0;36.0;;;13486.0;0.0
-1;73000;DJEMBES;13486.0;72.0;;;;;13488;72;;;;;13487.0;0.0
-1;73100;DJEMBES;13486.0;61.0;;;;;13487;61;;;;;13486.5;0.0
-1;73200;DJEMBES;13485.0;56.0;;;;;13486;56;;;;;13485.5;0.0
-1;73300;DJEMBES;13486.0;21.0;13485.0;31.0;;;13487;52;;;;;13486.0;0.0
-1;73400;DJEMBES;13485.0;69.0;;;;;13487;69;;;;;13486.0;0.0
-1;73500;DJEMBES;13485.0;67.0;;;;;13486;23;13487.0;44.0;;;13486.0;0.0
-1;73600;DJEMBES;13485.0;60.0;;;;;13487;60;;;;;13486.0;0.0
-1;73700;DJEMBES;13485.0;66.0;;;;;13487;66;;;;;13486.0;0.0
-1;73800;DJEMBES;13488.0;71.0;;;;;13490;71;;;;;13489.0;0.0
-1;73900;DJEMBES;13489.0;16.0;13488.0;35.0;;;13490;51;;;;;13489.0;0.0
-1;74000;DJEMBES;13490.0;65.0;;;;;13491;65;;;;;13490.5;0.0
-1;74100;DJEMBES;13489.0;63.0;;;;;13490;63;;;;;13489.5;0.0
-1;74200;DJEMBES;13487.0;69.0;;;;;13488;20;13489.0;49.0;;;13488.0;0.0
-1;74300;DJEMBES;13487.0;55.0;;;;;13488;65;;;;;13487.5;0.0
-1;74400;DJEMBES;13487.0;29.0;13486.0;35.0;;;13488;64;;;;;13487.0;0.0
-1;74500;DJEMBES;13488.0;66.0;;;;;13489;66;;;;;13488.5;0.0
-1;74600;DJEMBES;13488.0;69.0;;;;;13489;23;13490.0;46.0;;;13489.0;0.0
-1;74700;DJEMBES;13489.0;68.0;;;;;13490;68;;;;;13489.5;0.0
-1;74800;DJEMBES;13490.0;63.0;;;;;13491;63;;;;;13490.5;0.0
-1;74900;DJEMBES;13490.0;69.0;;;;;13491;61;;;;;13490.5;0.0
-1;75000;DJEMBES;13490.0;16.0;13489.0;30.0;;;13491;46;;;;;13490.0;0.0
-1;75100;DJEMBES;13490.0;55.0;;;;;13491;23;13492.0;32.0;;;13491.0;0.0
-1;75200;DJEMBES;13490.0;57.0;;;;;13491;20;13492.0;37.0;;;13491.0;0.0
-1;75300;DJEMBES;13491.0;48.0;;;;;13493;48;;;;;13492.0;0.0
-1;75400;DJEMBES;13492.0;20.0;13491.0;45.0;;;13493;65;;;;;13492.0;0.0
-1;75500;DJEMBES;13491.0;60.0;;;;;13493;60;;;;;13492.0;0.0
-1;75600;DJEMBES;13491.0;69.0;;;;;13492;69;;;;;13491.5;0.0
-1;75700;DJEMBES;13491.0;68.0;;;;;13492;68;;;;;13491.5;0.0
-1;75800;DJEMBES;13490.0;67.0;;;;;13492;67;;;;;13491.0;0.0
-1;75900;DJEMBES;13492.0;70.0;;;;;13493;70;;;;;13492.5;0.0
-1;76000;DJEMBES;13491.0;33.0;13490.0;46.0;;;13492;74;;;;;13491.0;0.0
-1;76100;DJEMBES;13491.0;17.0;13490.0;41.0;;;13492;69;;;;;13491.0;0.0
-1;76200;DJEMBES;13491.0;52.0;;;;;13492;20;13493.0;32.0;;;13492.0;0.0
-1;76300;DJEMBES;13491.0;62.0;;;;;13493;62;;;;;13492.0;0.0
-1;76400;DJEMBES;13492.0;61.0;;;;;13493;61;;;;;13492.5;0.0
-1;76500;DJEMBES;13492.0;72.0;;;;;13493;25;13494.0;47.0;;;13493.0;0.0
-1;76600;DJEMBES;13492.0;55.0;;;;;13494;55;;;;;13493.0;0.0
-1;76700;DJEMBES;13491.0;67.0;;;;;13492;26;13493.0;41.0;;;13492.0;0.0
-1;76800;DJEMBES;13491.0;59.0;;;;;13493;59;;;;;13492.0;0.0
-1;76900;DJEMBES;13493.0;29.0;13492.0;34.0;;;13494;63;;;;;13493.0;0.0
-1;77000;DJEMBES;13493.0;59.0;;;;;13495;59;;;;;13494.0;0.0
-1;77100;DJEMBES;13493.0;70.0;;;;;13495;70;;;;;13494.0;0.0
-1;77200;DJEMBES;13493.0;74.0;;;;;13495;74;;;;;13494.0;0.0
-1;77300;DJEMBES;13493.0;51.0;;;;;13494;51;;;;;13493.5;0.0
-1;77400;DJEMBES;13493.0;54.0;;;;;13495;54;;;;;13494.0;0.0
-1;77500;DJEMBES;13494.0;68.0;;;;;13495;30;13496.0;38.0;;;13495.0;0.0
-1;77600;DJEMBES;13494.0;40.0;;;;;13495;18;13496.0;31.0;;;13495.0;0.0
-1;77700;DJEMBES;13494.0;55.0;;;;;13495;55;;;;;13494.5;0.0
-1;77800;DJEMBES;13493.0;65.0;;;;;13494;15;13495.0;50.0;;;13494.0;0.0
-1;77900;DJEMBES;13494.0;30.0;13493.0;50.0;;;13495;73;;;;;13494.0;0.0
-1;78000;DJEMBES;13493.0;69.0;;;;;13495;69;;;;;13494.0;0.0
-1;78100;DJEMBES;13494.0;70.0;;;;;13495;70;;;;;13494.5;0.0
-1;78200;DJEMBES;13494.0;69.0;;;;;13495;69;;;;;13494.5;0.0
-1;78300;DJEMBES;13494.0;70.0;;;;;13495;70;;;;;13494.5;0.0
-1;78400;DJEMBES;13494.0;71.0;;;;;13495;16;13496.0;47.0;;;13495.0;0.0
-1;78500;DJEMBES;13495.0;68.0;;;;;13496;68;;;;;13495.5;0.0
-1;78600;DJEMBES;13495.0;29.0;13494.0;40.0;;;13496;69;;;;;13495.0;0.0
-1;78700;DJEMBES;13494.0;55.0;;;;;13496;55;;;;;13495.0;0.0
-1;78800;DJEMBES;13494.0;61.0;;;;;13496;61;;;;;13495.0;0.0
-1;78900;DJEMBES;13493.0;51.0;;;;;13495;51;;;;;13494.0;0.0
-1;79000;DJEMBES;13493.0;73.0;;;;;13495;73;;;;;13494.0;0.0
-1;79100;DJEMBES;13491.0;51.0;;;;;13492;51;;;;;13491.5;0.0
-1;79200;DJEMBES;13491.0;19.0;13490.0;41.0;;;13492;60;;;;;13491.0;0.0
-1;79300;DJEMBES;13491.0;64.0;;;;;13493;64;;;;;13492.0;0.0
-1;79400;DJEMBES;13493.0;20.0;13492.0;33.0;;;13494;53;;;;;13493.0;0.0
-1;79500;DJEMBES;13493.0;27.0;13492.0;32.0;;;13494;59;;;;;13493.0;0.0
-1;79600;DJEMBES;13492.0;62.0;;;;;13493;62;;;;;13492.5;0.0
-1;79700;DJEMBES;13492.0;57.0;;;;;13493;20;13494.0;37.0;;;13493.0;0.0
-1;79800;DJEMBES;13492.0;69.0;;;;;13494;69;;;;;13493.0;0.0
-1;79900;DJEMBES;13493.0;79.0;;;;;13494;79;;;;;13493.5;0.0
-1;80000;DJEMBES;13489.0;65.0;;;;;13490;29;13491.0;36.0;;;13490.0;0.0
-1;80100;DJEMBES;13489.0;59.0;;;;;13490;59;;;;;13489.5;0.0
-1;80200;DJEMBES;13494.0;72.0;;;;;13496;72;;;;;13495.0;0.0
-1;80300;DJEMBES;13496.0;48.0;;;;;13497;16;13498.0;32.0;;;13497.0;0.0
-1;80400;DJEMBES;13496.0;64.0;;;;;13497;64;;;;;13496.5;0.0
-1;80500;DJEMBES;13497.0;20.0;13496.0;46.0;;;13498;66;;;;;13497.0;0.0
-1;80600;DJEMBES;13498.0;65.0;;;;;13499;65;;;;;13498.5;0.0
-1;80700;DJEMBES;13497.0;66.0;;;;;13498;30;13499.0;36.0;;;13498.0;0.0
-1;80800;DJEMBES;13497.0;63.0;;;;;13498;63;;;;;13497.5;0.0
-1;80900;DJEMBES;13496.0;68.0;;;;;13497;18;13498.0;50.0;;;13497.0;0.0
-1;81000;DJEMBES;13492.0;57.0;;;;;13494;57;;;;;13493.0;0.0
-1;81100;DJEMBES;13494.0;57.0;;;;;13495;16;13496.0;41.0;;;13495.0;0.0
-1;81200;DJEMBES;13495.0;24.0;13494.0;31.0;;;13496;55;;;;;13495.0;0.0
-1;81300;DJEMBES;13493.0;65.0;;;;;13495;65;;;;;13494.0;0.0
-1;81400;DJEMBES;13494.0;51.0;;;;;13496;51;;;;;13495.0;0.0
-1;81500;DJEMBES;13495.0;52.0;;;;;13496;52;;;;;13495.5;0.0
-1;81600;DJEMBES;13494.0;58.0;;;;;13495;20;13496.0;38.0;;;13495.0;0.0
-1;81700;DJEMBES;13494.0;26.0;13493.0;46.0;;;13495;72;;;;;13494.0;0.0
-1;81800;DJEMBES;13493.0;71.0;;;;;13495;71;;;;;13494.0;0.0
-1;81900;DJEMBES;13490.0;75.0;;;;;13491;75;;;;;13490.5;0.0
-1;82000;DJEMBES;13490.0;79.0;;;;;13491;29;13492.0;50.0;;;13491.0;0.0
-1;82100;DJEMBES;13490.0;78.0;;;;;13492;78;;;;;13491.0;0.0
-1;82200;DJEMBES;13490.0;59.0;;;;;13492;59;;;;;13491.0;0.0
-1;82300;DJEMBES;13493.0;59.0;;;;;13494;59;;;;;13493.5;0.0
-1;82400;DJEMBES;13493.0;76.0;;;;;13494;76;;;;;13493.5;0.0
-1;82500;DJEMBES;13493.0;54.0;;;;;13494;24;13495.0;30.0;;;13494.0;0.0
-1;82600;DJEMBES;13493.0;58.0;;;;;13495;58;;;;;13494.0;0.0
-1;82700;DJEMBES;13494.0;56.0;;;;;13495;56;;;;;13494.5;0.0
-1;82800;DJEMBES;13493.0;67.0;;;;;13494;29;13495.0;38.0;;;13494.0;0.0
-1;82900;DJEMBES;13493.0;73.0;;;;;13494;29;13495.0;44.0;;;13494.0;0.0
-1;83000;DJEMBES;13493.0;59.0;;;;;13494;27;13495.0;32.0;;;13494.0;0.0
-1;83100;DJEMBES;13493.0;60.0;;;;;13494;60;;;;;13493.5;0.0
-1;83200;DJEMBES;13493.0;74.0;;;;;13495;74;;;;;13494.0;0.0
-1;83300;DJEMBES;13494.0;77.0;;;;;13495;77;;;;;13494.5;0.0
-1;83400;DJEMBES;13494.0;30.0;13493.0;31.0;;;13495;61;;;;;13494.0;0.0
-1;83500;DJEMBES;13494.0;61.0;;;;;13495;61;;;;;13494.5;0.0
-1;83600;DJEMBES;13492.0;54.0;;;;;13494;54;;;;;13493.0;0.0
-1;83700;DJEMBES;13492.0;69.0;;;;;13493;69;;;;;13492.5;0.0
-1;83800;DJEMBES;13492.0;54.0;;;;;13493;54;;;;;13492.5;0.0
-1;83900;DJEMBES;13494.0;58.0;;;;;13495;58;;;;;13494.5;0.0
-1;84000;DJEMBES;13495.0;29.0;13494.0;42.0;;;13496;71;;;;;13495.0;0.0
-1;84100;DJEMBES;13496.0;74.0;;;;;13498;74;;;;;13497.0;0.0
-1;84200;DJEMBES;13500.0;66.0;;;;;13501;66;;;;;13500.5;0.0
-1;84300;DJEMBES;13502.0;64.0;;;;;13503;64;;;;;13502.5;0.0
-1;84400;DJEMBES;13502.0;56.0;;;;;13503;15;13504.0;41.0;;;13503.0;0.0
-1;84500;DJEMBES;13503.0;70.0;;;;;13504;70;;;;;13503.5;0.0
-1;84600;DJEMBES;13504.0;71.0;;;;;13505;71;;;;;13504.5;0.0
-1;84700;DJEMBES;13503.0;53.0;;;;;13505;53;;;;;13504.0;0.0
-1;84800;DJEMBES;13504.0;65.0;;;;;13505;24;13506.0;41.0;;;13505.0;0.0
-1;84900;DJEMBES;13504.0;51.0;;;;;13505;20;13506.0;31.0;;;13505.0;0.0
-1;85000;DJEMBES;13505.0;64.0;;;;;13506;64;;;;;13505.5;0.0
-1;85100;DJEMBES;13506.0;25.0;13505.0;37.0;;;13507;62;;;;;13506.0;0.0
-1;85200;DJEMBES;13506.0;63.0;;;;;13507;23;13508.0;40.0;;;13507.0;0.0
-1;85300;DJEMBES;13507.0;66.0;;;;;13508;28;13509.0;38.0;;;13508.0;0.0
-1;85400;DJEMBES;13507.0;23.0;13506.0;40.0;;;13508;63;;;;;13507.0;0.0
-1;85500;DJEMBES;13507.0;24.0;13506.0;38.0;;;13508;62;;;;;13507.0;0.0
-1;85600;DJEMBES;13506.0;69.0;;;;;13507;69;;;;;13506.5;0.0
-1;85700;DJEMBES;13503.0;67.0;;;;;13505;67;;;;;13504.0;0.0
-1;85800;DJEMBES;13500.0;63.0;;;;;13501;63;;;;;13500.5;0.0
-1;85900;DJEMBES;13499.0;60.0;;;;;13500;60;;;;;13499.5;0.0
-1;86000;DJEMBES;13498.0;66.0;;;;;13500;66;;;;;13499.0;0.0
-1;86100;DJEMBES;13497.0;69.0;;;;;13499;69;;;;;13498.0;0.0
-1;86200;DJEMBES;13495.0;68.0;;;;;13497;68;;;;;13496.0;0.0
-1;86300;DJEMBES;13496.0;60.0;;;;;13497;60;;;;;13496.5;0.0
-1;86400;DJEMBES;13496.0;65.0;;;;;13497;65;;;;;13496.5;0.0
-1;86500;DJEMBES;13496.0;16.0;13495.0;34.0;;;13497;50;;;;;13496.0;0.0
-1;86600;DJEMBES;13496.0;67.0;;;;;13497;67;;;;;13496.5;0.0
-1;86700;DJEMBES;13496.0;61.0;;;;;13497;24;13498.0;37.0;;;13497.0;0.0
-1;86800;DJEMBES;13495.0;17.0;13494.0;41.0;;;13496;58;;;;;13495.0;0.0
-1;86900;DJEMBES;13494.0;12.0;13493.0;37.0;;;13495;54;;;;;13494.0;0.0
-1;87000;DJEMBES;13492.0;54.0;;;;;13494;54;;;;;13493.0;0.0
-1;87100;DJEMBES;13493.0;54.0;;;;;13494;54;;;;;13493.5;0.0
-1;87200;DJEMBES;13492.0;59.0;;;;;13493;19;13494.0;40.0;;;13493.0;0.0
-1;87300;DJEMBES;13493.0;53.0;;;;;13494;53;;;;;13493.5;0.0
-1;87400;DJEMBES;13493.0;53.0;;;;;13494;53;;;;;13493.5;0.0
-1;87500;DJEMBES;13494.0;74.0;;;;;13495;80;;;;;13494.5;0.0
-1;87600;DJEMBES;13492.0;57.0;;;;;13493;16;13494.0;41.0;;;13493.0;0.0
-1;87700;DJEMBES;13492.0;78.0;;;;;13494;78;;;;;13493.0;0.0
-1;87800;DJEMBES;13491.0;66.0;;;;;13493;66;;;;;13492.0;0.0
-1;87900;DJEMBES;13491.0;15.0;13490.0;50.0;;;13492;65;;;;;13491.0;0.0
-1;88000;DJEMBES;13491.0;20.0;13490.0;34.0;;;13492;54;;;;;13491.0;0.0
-1;88100;DJEMBES;13490.0;64.0;;;;;13491;64;;;;;13490.5;0.0
-1;88200;DJEMBES;13488.0;16.0;13487.0;33.0;;;13489;49;;;;;13488.0;0.0
-1;88300;DJEMBES;13489.0;26.0;13488.0;46.0;;;13490;72;;;;;13489.0;0.0
-1;88400;DJEMBES;13488.0;56.0;;;;;13489;22;13490.0;34.0;;;13489.0;0.0
-1;88500;DJEMBES;13489.0;68.0;;;;;13490;68;;;;;13489.5;0.0
-1;88600;DJEMBES;13488.0;70.0;;;;;13489;29;13490.0;41.0;;;13489.0;0.0
-1;88700;DJEMBES;13488.0;76.0;;;;;13490;76;;;;;13489.0;0.0
-1;88800;DJEMBES;13490.0;50.0;;;;;13491;50;;;;;13490.5;0.0
-1;88900;DJEMBES;13489.0;62.0;;;;;13491;62;;;;;13490.0;0.0
-1;89000;DJEMBES;13490.0;25.0;13489.0;50.0;;;13491;75;;;;;13490.0;0.0
-1;89100;DJEMBES;13489.0;60.0;;;;;13490;60;;;;;13489.5;0.0
-1;89200;DJEMBES;13489.0;26.0;13488.0;48.0;;;13490;74;;;;;13489.0;0.0
-1;89300;DJEMBES;13489.0;66.0;;;;;13490;66;;;;;13489.5;0.0
-1;89400;DJEMBES;13489.0;59.0;;;;;13491;59;;;;;13490.0;0.0
-1;89500;DJEMBES;13489.0;63.0;;;;;13491;63;;;;;13490.0;0.0
-1;89600;DJEMBES;13490.0;75.0;;;;;13492;75;;;;;13491.0;0.0
-1;89700;DJEMBES;13491.0;65.0;;;;;13492;65;;;;;13491.5;0.0
-1;89800;DJEMBES;13490.0;66.0;;;;;13491;18;13492.0;48.0;;;13491.0;0.0
-1;89900;DJEMBES;13491.0;24.0;13490.0;34.0;;;13492;58;;;;;13491.0;0.0
-1;90000;DJEMBES;13490.0;25.0;13489.0;34.0;;;13491;59;;;;;13490.0;0.0
-1;90100;DJEMBES;13489.0;58.0;;;;;13490;28;13491.0;30.0;;;13490.0;0.0
-1;90200;DJEMBES;13486.0;65.0;;;;;13488;65;;;;;13487.0;0.0
-1;90300;DJEMBES;13486.0;30.0;13485.0;37.0;;;13487;67;;;;;13486.0;0.0
-1;90400;DJEMBES;13484.0;57.0;;;;;13485;15;13486.0;42.0;;;13485.0;0.0
-1;90500;DJEMBES;13484.0;20.0;13483.0;44.0;;;13485;64;;;;;13484.0;0.0
-1;90600;DJEMBES;13484.0;64.0;;;;;13485;64;;;;;13484.5;0.0
-1;90700;DJEMBES;13482.0;67.0;;;;;13483;19;13484.0;48.0;;;13483.0;0.0
-1;90800;DJEMBES;13483.0;21.0;13482.0;44.0;;;13484;65;;;;;13483.0;0.0
-1;90900;DJEMBES;13483.0;76.0;;;;;13484;29;13485.0;47.0;;;13484.0;0.0
-1;91000;DJEMBES;13484.0;61.0;;;;;13486;61;;;;;13485.0;0.0
-1;91100;DJEMBES;13487.0;22.0;13486.0;42.0;;;13488;64;;;;;13487.0;0.0
-1;91200;DJEMBES;13487.0;47.0;;;;;13488;47;;;;;13487.5;0.0
-1;91300;DJEMBES;13485.0;76.0;;;;;13486;76;;;;;13485.5;0.0
-1;91400;DJEMBES;13485.0;74.0;;;;;13487;74;;;;;13486.0;0.0
-1;91500;DJEMBES;13485.0;76.0;;;;;13487;76;;;;;13486.0;0.0
-1;91600;DJEMBES;13486.0;47.0;;;;;13487;47;;;;;13486.5;0.0
-1;91700;DJEMBES;13487.0;53.0;;;;;13488;53;;;;;13487.5;0.0
-1;91800;DJEMBES;13487.0;56.0;;;;;13488;20;13489.0;36.0;;;13488.0;0.0
-1;91900;DJEMBES;13487.0;67.0;;;;;13488;67;;;;;13487.5;0.0
-1;92000;DJEMBES;13485.0;58.0;;;;;13486;15;13487.0;43.0;;;13486.0;0.0
-1;92100;DJEMBES;13485.0;29.0;13484.0;48.0;;;13486;77;;;;;13485.0;0.0
-1;92200;DJEMBES;13484.0;68.0;;;;;13485;18;13486.0;50.0;;;13485.0;0.0
-1;92300;DJEMBES;13484.0;63.0;;;;;13485;63;;;;;13484.5;0.0
-1;92400;DJEMBES;13484.0;54.0;;;;;13486;54;;;;;13485.0;0.0
-1;92500;DJEMBES;13483.0;53.0;;;;;13484;53;;;;;13483.5;0.0
-1;92600;DJEMBES;13483.0;64.0;;;;;13484;64;;;;;13483.5;0.0
-1;92700;DJEMBES;13483.0;68.0;;;;;13485;68;;;;;13484.0;0.0
-1;92800;DJEMBES;13483.0;16.0;13482.0;33.0;;;13484;49;;;;;13483.0;0.0
-1;92900;DJEMBES;13482.0;71.0;;;;;13483;22;13484.0;49.0;;;13483.0;0.0
-1;93000;DJEMBES;13480.0;57.0;;;;;13482;57;;;;;13481.0;0.0
-1;93100;DJEMBES;13481.0;25.0;13480.0;38.0;;;13482;63;;;;;13481.0;0.0
-1;93200;DJEMBES;13481.0;52.0;;;;;13483;52;;;;;13482.0;0.0
-1;93300;DJEMBES;13480.0;56.0;;;;;13482;56;;;;;13481.0;0.0
-1;93400;DJEMBES;13480.0;46.0;;;;;13482;46;;;;;13481.0;0.0
-1;93500;DJEMBES;13479.0;69.0;;;;;13480;26;13481.0;43.0;;;13480.0;0.0
-1;93600;DJEMBES;13482.0;24.0;13481.0;46.0;;;13483;70;;;;;13482.0;0.0
-1;93700;DJEMBES;13480.0;61.0;;;;;13481;61;;;;;13480.5;0.0
-1;93800;DJEMBES;13481.0;15.0;13480.0;35.0;;;13482;50;;;;;13481.0;0.0
-1;93900;DJEMBES;13478.0;72.0;;;;;13480;72;;;;;13479.0;0.0
-1;94000;DJEMBES;13479.0;52.0;;;;;13480;52;;;;;13479.5;0.0
-1;94100;DJEMBES;13479.0;54.0;;;;;13481;54;;;;;13480.0;0.0
-1;94200;DJEMBES;13479.0;52.0;;;;;13480;55;;;;;13479.5;0.0
-1;94300;DJEMBES;13479.0;51.0;;;;;13480;51;;;;;13479.5;0.0
-1;94400;DJEMBES;13479.0;56.0;;;;;13481;56;;;;;13480.0;0.0
-1;94500;DJEMBES;13479.0;59.0;;;;;13480;59;;;;;13479.5;0.0
-1;94600;DJEMBES;13479.0;72.0;;;;;13480;23;13481.0;49.0;;;13480.0;0.0
-1;94700;DJEMBES;13478.0;58.0;;;;;13480;58;;;;;13479.0;0.0
-1;94800;DJEMBES;13477.0;17.0;13476.0;50.0;;;13478;67;;;;;13477.0;0.0
-1;94900;DJEMBES;13476.0;47.0;;;;;13477;47;;;;;13476.5;0.0
-1;95000;DJEMBES;13475.0;21.0;13474.0;39.0;;;13476;60;;;;;13475.0;0.0
-1;95100;DJEMBES;13476.0;55.0;;;;;13478;55;;;;;13477.0;0.0
-1;95200;DJEMBES;13477.0;15.0;13476.0;48.0;;;13478;63;;;;;13477.0;0.0
-1;95300;DJEMBES;13475.0;54.0;;;;;13477;54;;;;;13476.0;0.0
-1;95400;DJEMBES;13475.0;72.0;;;;;13476;72;;;;;13475.5;0.0
-1;95500;DJEMBES;13474.0;67.0;;;;;13475;25;13476.0;42.0;;;13475.0;0.0
-1;95600;DJEMBES;13475.0;18.0;13474.0;39.0;;;13476;57;;;;;13475.0;0.0
-1;95700;DJEMBES;13475.0;56.0;;;;;13476;20;13477.0;36.0;;;13476.0;0.0
-1;95800;DJEMBES;13475.0;62.0;;;;;13476;62;;;;;13475.5;0.0
-1;95900;DJEMBES;13475.0;65.0;;;;;13476;25;13477.0;40.0;;;13476.0;0.0
-1;96000;DJEMBES;13475.0;80.0;;;;;13477;80;;;;;13476.0;0.0
-1;96100;DJEMBES;13475.0;55.0;;;;;13476;55;;;;;13475.5;0.0
-1;96200;DJEMBES;13473.0;62.0;;;;;13474;62;;;;;13473.5;0.0
-1;96300;DJEMBES;13473.0;63.0;;;;;13474;63;;;;;13473.5;0.0
-1;96400;DJEMBES;13474.0;20.0;13473.0;33.0;;;13475;53;;;;;13474.0;0.0
-1;96500;DJEMBES;13474.0;54.0;;;;;13475;54;;;;;13474.5;0.0
-1;96600;DJEMBES;13474.0;19.0;13473.0;46.0;;;13475;65;;;;;13474.0;0.0
-1;96700;DJEMBES;13474.0;57.0;;;;;13475;54;;;;;13474.5;0.0
-1;96800;DJEMBES;13475.0;62.0;;;;;13476;24;13477.0;38.0;;;13476.0;0.0
-1;96900;DJEMBES;13476.0;58.0;;;;;13477;58;;;;;13476.5;0.0
-1;97000;DJEMBES;13477.0;28.0;13476.0;45.0;;;13478;73;;;;;13477.0;0.0
-1;97100;DJEMBES;13476.0;52.0;;;;;13478;52;;;;;13477.0;0.0
-1;97200;DJEMBES;13477.0;22.0;13476.0;36.0;;;13478;58;;;;;13477.0;0.0
-1;97300;DJEMBES;13475.0;69.0;;;;;13476;69;;;;;13475.5;0.0
-1;97400;DJEMBES;13474.0;65.0;;;;;13475;18;13476.0;47.0;;;13475.0;0.0
-1;97500;DJEMBES;13474.0;67.0;;;;;13475;26;13476.0;41.0;;;13475.0;0.0
-1;97600;DJEMBES;13476.0;22.0;13475.0;38.0;;;13477;60;;;;;13476.0;0.0
-1;97700;DJEMBES;13476.0;49.0;;;;;13477;49;;;;;13476.5;0.0
-1;97800;DJEMBES;13476.0;63.0;;;;;13477;63;;;;;13476.5;0.0
-1;97900;DJEMBES;13475.0;63.0;;;;;13476;18;13477.0;45.0;;;13476.0;0.0
-1;98000;DJEMBES;13474.0;59.0;;;;;13475;15;13476.0;44.0;;;13475.0;0.0
-1;98100;DJEMBES;13475.0;55.0;;;;;13477;55;;;;;13476.0;0.0
-1;98200;DJEMBES;13475.0;61.0;;;;;13476;58;;;;;13475.5;0.0
-1;98300;DJEMBES;13475.0;60.0;;;;;13477;60;;;;;13476.0;0.0
-1;98400;DJEMBES;13474.0;67.0;;;;;13476;67;;;;;13475.0;0.0
-1;98500;DJEMBES;13474.0;25.0;13473.0;31.0;;;13475;56;;;;;13474.0;0.0
-1;98600;DJEMBES;13473.0;23.0;13472.0;32.0;;;13474;55;;;;;13473.0;0.0
-1;98700;DJEMBES;13473.0;15.0;13472.0;31.0;;;13474;46;;;;;13473.0;0.0
-1;98800;DJEMBES;13473.0;21.0;13472.0;42.0;;;13474;63;;;;;13473.0;0.0
-1;98900;DJEMBES;13473.0;51.0;;;;;13474;51;;;;;13473.5;0.0
-1;99000;DJEMBES;13474.0;28.0;13473.0;45.0;;;13475;73;;;;;13474.0;0.0
-1;99100;DJEMBES;13474.0;69.0;;;;;13475;69;;;;;13474.5;0.0
-1;99200;DJEMBES;13474.0;49.0;;;;;13475;17;13476.0;32.0;;;13475.0;0.0
-1;99300;DJEMBES;13474.0;59.0;;;;;13475;59;;;;;13474.5;0.0
-1;99400;DJEMBES;13471.0;50.0;;;;;13473;50;;;;;13472.0;0.0
-1;99500;DJEMBES;13473.0;65.0;;;;;13474;65;;;;;13473.5;0.0
-1;99600;DJEMBES;13473.0;56.0;;;;;13475;56;;;;;13474.0;0.0
-1;99700;DJEMBES;13474.0;62.0;;;;;13475;62;;;;;13474.5;0.0
-1;99800;DJEMBES;13474.0;73.0;;;;;13475;73;;;;;13474.5;0.0
-1;99900;DJEMBES;13474.0;74.0;;;;;13475;74;;;;;13474.5;0.0
-1;100000;DJEMBES;13474.0;52.0;;;;;13475;52;;;;;13474.5;0.0
-1;100100;DJEMBES;13474.0;20.0;13473.0;38.0;;;13475;58;;;;;13474.0;0.0
-1;100200;DJEMBES;13474.0;70.0;;;;;13475;70;;;;;13474.5;0.0
-1;100300;DJEMBES;13474.0;66.0;;;;;13475;27;13476.0;39.0;;;13475.0;0.0
-1;100400;DJEMBES;13475.0;69.0;;;;;13477;69;;;;;13476.0;0.0
-1;100500;DJEMBES;13475.0;59.0;;;;;13476;15;13477.0;44.0;;;13476.0;0.0
-1;100600;DJEMBES;13475.0;70.0;;;;;13476;70;;;;;13475.5;0.0
-1;100700;DJEMBES;13475.0;24.0;13474.0;38.0;;;13476;62;;;;;13475.0;0.0
-1;100800;DJEMBES;13475.0;18.0;13474.0;47.0;;;13476;65;;;;;13475.0;0.0
-1;100900;DJEMBES;13475.0;62.0;;;;;13476;62;;;;;13475.5;0.0
-1;101000;DJEMBES;13475.0;59.0;;;;;13476;16;13477.0;43.0;;;13476.0;0.0
-1;101100;DJEMBES;13476.0;76.0;;;;;13477;76;;;;;13476.5;0.0
-1;101200;DJEMBES;13476.0;48.0;;;;;13477;48;;;;;13476.5;0.0
-1;101300;DJEMBES;13476.0;75.0;;;;;13478;75;;;;;13477.0;0.0
-1;101400;DJEMBES;13478.0;57.0;;;;;13479;19;13480.0;38.0;;;13479.0;0.0
-1;101500;DJEMBES;13478.0;75.0;;;;;13479;25;13480.0;50.0;;;13479.0;0.0
-1;101600;DJEMBES;13479.0;56.0;;;;;13480;56;;;;;13479.5;0.0
-1;101700;DJEMBES;13479.0;50.0;;;;;13480;20;13481.0;30.0;;;13480.0;0.0
-1;101800;DJEMBES;13481.0;62.0;;;;;13482;18;13483.0;44.0;;;13482.0;0.0
-1;101900;DJEMBES;13481.0;61.0;;;;;13482;29;13483.0;32.0;;;13482.0;0.0
-1;102000;DJEMBES;13481.0;59.0;;;;;13482;22;13483.0;37.0;;;13482.0;0.0
-1;102100;DJEMBES;13481.0;56.0;;;;;13482;23;13483.0;33.0;;;13482.0;0.0
-1;102200;DJEMBES;13481.0;71.0;;;;;13482;71;;;;;13481.5;0.0
-1;102300;DJEMBES;13481.0;69.0;;;;;13482;23;13483.0;46.0;;;13482.0;0.0
-1;102400;DJEMBES;13481.0;59.0;;;;;13483;59;;;;;13482.0;0.0
-1;102500;DJEMBES;13481.0;18.0;13480.0;37.0;;;13482;55;;;;;13481.0;0.0
-1;102600;DJEMBES;13481.0;15.0;13480.0;46.0;;;13482;61;;;;;13481.0;0.0
-1;102700;DJEMBES;13481.0;68.0;;;;;13482;25;13483.0;43.0;;;13482.0;0.0
-1;102800;DJEMBES;13483.0;63.0;;;;;13484;63;;;;;13483.5;0.0
-1;102900;DJEMBES;13482.0;54.0;;;;;13484;54;;;;;13483.0;0.0
-1;103000;DJEMBES;13482.0;53.0;;;;;13483;20;13484.0;33.0;;;13483.0;0.0
-1;103100;DJEMBES;13481.0;48.0;;;;;13483;48;;;;;13482.0;0.0
-1;103200;DJEMBES;13481.0;63.0;;;;;13482;63;;;;;13481.5;0.0
-1;103300;DJEMBES;13482.0;28.0;13481.0;47.0;;;13483;75;;;;;13482.0;0.0
-1;103400;DJEMBES;13482.0;69.0;;;;;13483;69;;;;;13482.5;0.0
-1;103500;DJEMBES;13481.0;46.0;;;;;13483;46;;;;;13482.0;0.0
-1;103600;DJEMBES;13482.0;19.0;13481.0;34.0;;;13483;53;;;;;13482.0;0.0
-1;103700;DJEMBES;13482.0;26.0;13481.0;44.0;;;13483;70;;;;;13482.0;0.0
-1;103800;DJEMBES;13482.0;54.0;;;;;13483;54;;;;;13482.5;0.0
-1;103900;DJEMBES;13483.0;64.0;;;;;13485;64;;;;;13484.0;0.0
-1;104000;DJEMBES;13483.0;77.0;;;;;13484;28;13485.0;49.0;;;13484.0;0.0
-1;104100;DJEMBES;13484.0;69.0;;;;;13485;22;13486.0;47.0;;;13485.0;0.0
-1;104200;DJEMBES;13485.0;27.0;13484.0;44.0;;;13486;71;;;;;13485.0;0.0
-1;104300;DJEMBES;13485.0;56.0;;;;;13486;56;;;;;13485.5;0.0
-1;104400;DJEMBES;13486.0;46.0;;;;;13487;46;;;;;13486.5;0.0
-1;104500;DJEMBES;13486.0;71.0;;;;;13487;71;;;;;13486.5;0.0
-1;104600;DJEMBES;13485.0;58.0;;;;;13486;58;;;;;13485.5;0.0
-1;104700;DJEMBES;13482.0;63.0;;;;;13483;63;;;;;13482.5;0.0
-1;104800;DJEMBES;13482.0;62.0;;;;;13483;25;13484.0;37.0;;;13483.0;0.0
-1;104900;DJEMBES;13482.0;28.0;13481.0;44.0;;;13483;72;;;;;13482.0;0.0
-1;105000;DJEMBES;13481.0;58.0;;;;;13482;58;;;;;13481.5;0.0
-1;105100;DJEMBES;13481.0;65.0;;;;;13483;65;;;;;13482.0;0.0
-1;105200;DJEMBES;13481.0;67.0;;;;;13483;67;;;;;13482.0;0.0
-1;105300;DJEMBES;13482.0;23.0;13481.0;39.0;;;13483;62;;;;;13482.0;0.0
-1;105400;DJEMBES;13481.0;69.0;;;;;13482;27;13483.0;42.0;;;13482.0;0.0
-1;105500;DJEMBES;13482.0;62.0;;;;;13483;62;;;;;13482.5;0.0
-1;105600;DJEMBES;13484.0;59.0;;;;;13485;59;;;;;13484.5;0.0
-1;105700;DJEMBES;13482.0;72.0;;;;;13484;72;;;;;13483.0;0.0
-1;105800;DJEMBES;13482.0;51.0;;;;;13483;51;;;;;13482.5;0.0
-1;105900;DJEMBES;13482.0;19.0;13481.0;43.0;;;13483;62;;;;;13482.0;0.0
-1;106000;DJEMBES;13480.0;80.0;;;;;13482;80;;;;;13481.0;0.0
-1;106100;DJEMBES;13481.0;56.0;;;;;13482;56;;;;;13481.5;0.0
-1;106200;DJEMBES;13481.0;54.0;;;;;13482;54;;;;;13481.5;0.0
-1;106300;DJEMBES;13482.0;23.0;13481.0;43.0;;;13483;66;;;;;13482.0;0.0
-1;106400;DJEMBES;13482.0;71.0;;;;;13484;71;;;;;13483.0;0.0
-1;106500;DJEMBES;13482.0;58.0;;;;;13483;58;;;;;13482.5;0.0
-1;106600;DJEMBES;13482.0;68.0;;;;;13484;68;;;;;13483.0;0.0
-1;106700;DJEMBES;13483.0;25.0;13482.0;37.0;;;13484;62;;;;;13483.0;0.0
-1;106800;DJEMBES;13483.0;80.0;;;;;13484;30;13485.0;50.0;;;13484.0;0.0
-1;106900;DJEMBES;13483.0;61.0;;;;;13485;61;;;;;13484.0;0.0
-1;107000;DJEMBES;13483.0;63.0;;;;;13484;18;13485.0;45.0;;;13484.0;0.0
-1;107100;DJEMBES;13482.0;19.0;13481.0;36.0;;;13483;55;;;;;13482.0;0.0
-1;107200;DJEMBES;13482.0;15.0;13481.0;30.0;;;13483;45;;;;;13482.0;0.0
-1;107300;DJEMBES;13482.0;68.0;;;;;13483;68;;;;;13482.5;0.0
-1;107400;DJEMBES;13481.0;70.0;;;;;13482;70;;;;;13481.5;0.0
-1;107500;DJEMBES;13482.0;55.0;;;;;13483;55;;;;;13482.5;0.0
-1;107600;DJEMBES;13482.0;66.0;;;;;13483;66;;;;;13482.5;0.0
-1;107700;DJEMBES;13482.0;72.0;;;;;13483;72;;;;;13482.5;0.0
-1;107800;DJEMBES;13482.0;62.0;;;;;13483;62;;;;;13482.5;0.0
-1;107900;DJEMBES;13480.0;76.0;;;;;13482;76;;;;;13481.0;0.0
-1;108000;DJEMBES;13479.0;47.0;;;;;13480;16;13481.0;31.0;;;13480.0;0.0
-1;108100;DJEMBES;13479.0;56.0;;;;;13480;26;13481.0;30.0;;;13480.0;0.0
-1;108200;DJEMBES;13479.0;70.0;;;;;13481;70;;;;;13480.0;0.0
-1;108300;DJEMBES;13478.0;68.0;;;;;13479;68;;;;;13478.5;0.0
-1;108400;DJEMBES;13478.0;68.0;;;;;13479;68;;;;;13478.5;0.0
-1;108500;DJEMBES;13478.0;62.0;;;;;13479;62;;;;;13478.5;0.0
-1;108600;DJEMBES;13477.0;68.0;;;;;13478;68;;;;;13477.5;0.0
-1;108700;DJEMBES;13476.0;56.0;;;;;13478;56;;;;;13477.0;0.0
-1;108800;DJEMBES;13478.0;30.0;13477.0;32.0;;;13479;62;;;;;13478.0;0.0
-1;108900;DJEMBES;13478.0;62.0;;;;;13479;27;13480.0;35.0;;;13479.0;0.0
-1;109000;DJEMBES;13478.0;24.0;13477.0;47.0;;;13479;71;;;;;13478.0;0.0
-1;109100;DJEMBES;13477.0;23.0;13476.0;38.0;;;13478;61;;;;;13477.0;0.0
-1;109200;DJEMBES;13477.0;19.0;13476.0;31.0;;;13478;50;;;;;13477.0;0.0
-1;109300;DJEMBES;13477.0;29.0;13476.0;39.0;;;13478;68;;;;;13477.0;0.0
-1;109400;DJEMBES;13477.0;26.0;13476.0;38.0;;;13478;64;;;;;13477.0;0.0
-1;109500;DJEMBES;13477.0;56.0;;;;;13478;56;;;;;13477.5;0.0
-1;109600;DJEMBES;13478.0;58.0;;;;;13480;58;;;;;13479.0;0.0
-1;109700;DJEMBES;13479.0;25.0;13478.0;31.0;;;13480;56;;;;;13479.0;0.0
-1;109800;DJEMBES;13478.0;60.0;;;;;13480;60;;;;;13479.0;0.0
-1;109900;DJEMBES;13475.0;52.0;;;;;13476;52;;;;;13475.5;0.0
-1;110000;DJEMBES;13474.0;73.0;;;;;13475;27;13476.0;46.0;;;13475.0;0.0
-1;110100;DJEMBES;13473.0;23.0;13472.0;40.0;;;13474;63;;;;;13473.0;0.0
-1;110200;DJEMBES;13473.0;70.0;;;;;13474;70;;;;;13473.5;0.0
-1;110300;DJEMBES;13473.0;54.0;;;;;13474;16;13475.0;38.0;;;13474.0;0.0
-1;110400;DJEMBES;13474.0;61.0;;;;;13476;61;;;;;13475.0;0.0
-1;110500;DJEMBES;13475.0;25.0;13474.0;37.0;;;13476;62;;;;;13475.0;0.0
-1;110600;DJEMBES;13474.0;56.0;;;;;13475;56;;;;;13474.5;0.0
-1;110700;DJEMBES;13476.0;75.0;;;;;13477;75;;;;;13476.5;0.0
-1;110800;DJEMBES;13476.0;55.0;;;;;13477;19;13478.0;36.0;;;13477.0;0.0
-1;110900;DJEMBES;13478.0;29.0;13477.0;39.0;;;13479;68;;;;;13478.0;0.0
-1;111000;DJEMBES;13479.0;61.0;;;;;13480;61;;;;;13479.5;0.0
-1;111100;DJEMBES;13479.0;60.0;;;;;13480;60;;;;;13479.5;0.0
-1;111200;DJEMBES;13478.0;65.0;;;;;13479;65;;;;;13478.5;0.0
-1;111300;DJEMBES;13479.0;69.0;;;;;13480;21;13481.0;48.0;;;13480.0;0.0
-1;111400;DJEMBES;13483.0;64.0;;;;;13484;64;;;;;13483.5;0.0
-1;111500;DJEMBES;13482.0;54.0;;;;;13483;54;;;;;13482.5;0.0
-1;111600;DJEMBES;13481.0;60.0;;;;;13483;60;;;;;13482.0;0.0
-1;111700;DJEMBES;13481.0;72.0;;;;;13483;72;;;;;13482.0;0.0
-1;111800;DJEMBES;13483.0;65.0;;;;;13484;65;;;;;13483.5;0.0
-1;111900;DJEMBES;13483.0;65.0;;;;;13484;65;;;;;13483.5;0.0
-1;112000;DJEMBES;13482.0;61.0;;;;;13484;61;;;;;13483.0;0.0
-1;112100;DJEMBES;13482.0;74.0;;;;;13483;27;13484.0;47.0;;;13483.0;0.0
-1;112200;DJEMBES;13482.0;46.0;;;;;13483;46;;;;;13482.5;0.0
-1;112300;DJEMBES;13482.0;28.0;13481.0;47.0;;;13483;75;;;;;13482.0;0.0
-1;112400;DJEMBES;13482.0;74.0;;;;;13483;24;13484.0;50.0;;;13483.0;0.0
-1;112500;DJEMBES;13482.0;71.0;;;;;13484;71;;;;;13483.0;0.0
-1;112600;DJEMBES;13483.0;65.0;;;;;13484;65;;;;;13483.5;0.0
-1;112700;DJEMBES;13483.0;16.0;13482.0;41.0;;;13484;57;;;;;13483.0;0.0
-1;112800;DJEMBES;13482.0;64.0;;;;;13483;64;;;;;13482.5;0.0
-1;112900;DJEMBES;13480.0;72.0;;;;;13482;72;;;;;13481.0;0.0
-1;113000;DJEMBES;13480.0;72.0;;;;;13482;72;;;;;13481.0;0.0
-1;113100;DJEMBES;13482.0;24.0;13481.0;41.0;;;13483;65;;;;;13482.0;0.0
-1;113200;DJEMBES;13481.0;60.0;;;;;13482;19;13483.0;41.0;;;13482.0;0.0
-1;113300;DJEMBES;13481.0;66.0;;;;;13482;66;;;;;13481.5;0.0
-1;113400;DJEMBES;13481.0;20.0;13480.0;34.0;;;13482;54;;;;;13481.0;0.0
-1;113500;DJEMBES;13481.0;63.0;;;;;13482;18;13483.0;45.0;;;13482.0;0.0
-1;113600;DJEMBES;13482.0;28.0;13481.0;36.0;;;13483;64;;;;;13482.0;0.0
-1;113700;DJEMBES;13482.0;62.0;;;;;13483;62;;;;;13482.5;0.0
-1;113800;DJEMBES;13481.0;62.0;;;;;13483;62;;;;;13482.0;0.0
-1;113900;DJEMBES;13481.0;71.0;;;;;13483;71;;;;;13482.0;0.0
-1;114000;DJEMBES;13482.0;57.0;;;;;13483;65;;;;;13482.5;0.0
-1;114100;DJEMBES;13482.0;74.0;;;;;13484;74;;;;;13483.0;0.0
-1;114200;DJEMBES;13482.0;78.0;;;;;13483;29;13484.0;49.0;;;13483.0;0.0
-1;114300;DJEMBES;13482.0;58.0;;;;;13484;58;;;;;13483.0;0.0
-1;114400;DJEMBES;13483.0;19.0;13482.0;46.0;;;13484;65;;;;;13483.0;0.0
-1;114500;DJEMBES;13483.0;53.0;;;;;13484;22;13485.0;31.0;;;13484.0;0.0
-1;114600;DJEMBES;13483.0;65.0;;;;;13484;65;;;;;13483.5;0.0
-1;114700;DJEMBES;13481.0;53.0;;;;;13483;53;;;;;13482.0;0.0
-1;114800;DJEMBES;13481.0;47.0;;;;;13483;47;;;;;13482.0;0.0
-1;114900;DJEMBES;13481.0;61.0;;;;;13483;61;;;;;13482.0;0.0
-1;115000;DJEMBES;13477.0;51.0;;;;;13478;15;13479.0;36.0;;;13478.0;0.0
-1;115100;DJEMBES;13475.0;47.0;;;;;13477;47;;;;;13476.0;0.0
-1;115200;DJEMBES;13477.0;29.0;13476.0;34.0;;;13478;63;;;;;13477.0;0.0
-1;115300;DJEMBES;13477.0;63.0;;;;;13478;63;;;;;13477.5;0.0
-1;115400;DJEMBES;13478.0;65.0;;;;;13479;17;13480.0;48.0;;;13479.0;0.0
-1;115500;DJEMBES;13478.0;28.0;13477.0;31.0;;;13479;59;;;;;13478.0;0.0
-1;115600;DJEMBES;13478.0;63.0;;;;;13479;63;;;;;13478.5;0.0
-1;115700;DJEMBES;13478.0;60.0;;;;;13479;60;;;;;13478.5;0.0
-1;115800;DJEMBES;13477.0;53.0;;;;;13478;22;13479.0;31.0;;;13478.0;0.0
-1;115900;DJEMBES;13476.0;63.0;;;;;13478;63;;;;;13477.0;0.0
-1;116000;DJEMBES;13476.0;60.0;;;;;13477;60;;;;;13476.5;0.0
-1;116100;DJEMBES;13476.0;73.0;;;;;13477;73;;;;;13476.5;0.0
-1;116200;DJEMBES;13476.0;29.0;13475.0;41.0;;;13477;70;;;;;13476.0;0.0
-1;116300;DJEMBES;13476.0;77.0;;;;;13478;77;;;;;13477.0;0.0
-1;116400;DJEMBES;13476.0;75.0;;;;;13478;75;;;;;13477.0;0.0
-1;116500;DJEMBES;13478.0;16.0;13477.0;40.0;;;13479;56;;;;;13478.0;0.0
-1;116600;DJEMBES;13478.0;61.0;;;;;13479;20;13480.0;41.0;;;13479.0;0.0
-1;116700;DJEMBES;13479.0;17.0;13478.0;39.0;;;13480;56;;;;;13479.0;0.0
-1;116800;DJEMBES;13479.0;22.0;13478.0;41.0;;;13480;63;;;;;13479.0;0.0
-1;116900;DJEMBES;13479.0;72.0;;;;;13480;72;;;;;13479.5;0.0
-1;117000;DJEMBES;13479.0;62.0;;;;;13481;62;;;;;13480.0;0.0
-1;117100;DJEMBES;13479.0;61.0;;;;;13480;61;;;;;13479.5;0.0
-1;117200;DJEMBES;13478.0;73.0;;;;;13479;26;13480.0;47.0;;;13479.0;0.0
-1;117300;DJEMBES;13481.0;46.0;;;;;13482;15;13483.0;31.0;;;13482.0;0.0
-1;117400;DJEMBES;13482.0;50.0;;;;;13483;50;;;;;13482.5;0.0
-1;117500;DJEMBES;13485.0;61.0;;;;;13486;18;13487.0;43.0;;;13486.0;0.0
-1;117600;DJEMBES;13488.0;15.0;13487.0;48.0;;;13489;63;;;;;13488.0;0.0
-1;117700;DJEMBES;13486.0;59.0;;;;;13487;59;;;;;13486.5;0.0
-1;117800;DJEMBES;13488.0;68.0;;;;;13490;68;;;;;13489.0;0.0
-1;117900;DJEMBES;13488.0;56.0;;;;;13490;56;;;;;13489.0;0.0
-1;118000;DJEMBES;13492.0;19.0;13491.0;41.0;;;13493;60;;;;;13492.0;0.0
-1;118100;DJEMBES;13492.0;64.0;;;;;13493;22;13494.0;42.0;;;13493.0;0.0
-1;118200;DJEMBES;13492.0;64.0;;;;;13493;64;;;;;13492.5;0.0
-1;118300;DJEMBES;13492.0;55.0;;;;;13493;16;13494.0;39.0;;;13493.0;0.0
-1;118400;DJEMBES;13492.0;63.0;;;;;13494;63;;;;;13493.0;0.0
-1;118500;DJEMBES;13491.0;70.0;;;;;13492;26;13493.0;44.0;;;13492.0;0.0
-1;118600;DJEMBES;13491.0;48.0;;;;;13493;48;;;;;13492.0;0.0
-1;118700;DJEMBES;13491.0;69.0;;;;;13492;30;13493.0;39.0;;;13492.0;0.0
-1;118800;DJEMBES;13491.0;67.0;;;;;13493;67;;;;;13492.0;0.0
-1;118900;DJEMBES;13491.0;63.0;;;;;13493;63;;;;;13492.0;0.0
-1;119000;DJEMBES;13493.0;70.0;;;;;13494;70;;;;;13493.5;0.0
-1;119100;DJEMBES;13493.0;68.0;;;;;13494;21;13495.0;47.0;;;13494.0;0.0
-1;119200;DJEMBES;13494.0;71.0;;;;;13496;71;;;;;13495.0;0.0
-1;119300;DJEMBES;13495.0;62.0;;;;;13496;62;;;;;13495.5;0.0
-1;119400;DJEMBES;13495.0;63.0;;;;;13497;63;;;;;13496.0;0.0
-1;119500;DJEMBES;13493.0;68.0;;;;;13495;68;;;;;13494.0;0.0
-1;119600;DJEMBES;13493.0;67.0;;;;;13494;67;;;;;13493.5;0.0
-1;119700;DJEMBES;13493.0;52.0;;;;;13495;52;;;;;13494.0;0.0
-1;119800;DJEMBES;13494.0;52.0;;;;;13495;19;13496.0;33.0;;;13495.0;0.0
-1;119900;DJEMBES;13495.0;66.0;;;;;13496;21;13497.0;45.0;;;13496.0;0.0
-1;120000;DJEMBES;13495.0;74.0;;;;;13496;74;;;;;13495.5;0.0
-1;120100;DJEMBES;13495.0;49.0;;;;;13496;19;13497.0;30.0;;;13496.0;0.0
-1;120200;DJEMBES;13495.0;55.0;;;;;13497;55;;;;;13496.0;0.0
-1;120300;DJEMBES;13494.0;69.0;;;;;13495;69;;;;;13494.5;0.0
-1;120400;DJEMBES;13494.0;58.0;;;;;13495;17;13496.0;41.0;;;13495.0;0.0
-1;120500;DJEMBES;13494.0;64.0;;;;;13495;64;;;;;13494.5;0.0
-1;120600;DJEMBES;13492.0;76.0;;;;;13493;26;13494.0;50.0;;;13493.0;0.0
-1;120700;DJEMBES;13493.0;53.0;;;;;13495;53;;;;;13494.0;0.0
-1;120800;DJEMBES;13494.0;72.0;;;;;13495;30;13496.0;42.0;;;13495.0;0.0
-1;120900;DJEMBES;13494.0;24.0;13493.0;32.0;;;13495;56;;;;;13494.0;0.0
-1;121000;DJEMBES;13493.0;61.0;;;;;13494;61;;;;;13493.5;0.0
-1;121100;DJEMBES;13492.0;70.0;;;;;13493;70;;;;;13492.5;0.0
-1;121200;DJEMBES;13492.0;71.0;;;;;13493;21;13494.0;50.0;;;13493.0;0.0
-1;121300;DJEMBES;13492.0;75.0;;;;;13493;75;;;;;13492.5;0.0
-1;121400;DJEMBES;13492.0;65.0;;;;;13493;65;;;;;13492.5;0.0
-1;121500;DJEMBES;13493.0;55.0;;;;;13494;55;;;;;13493.5;0.0
-1;121600;DJEMBES;13493.0;72.0;;;;;13494;72;;;;;13493.5;0.0
-1;121700;DJEMBES;13494.0;52.0;;;;;13495;58;;;;;13494.5;0.0
-1;121800;DJEMBES;13494.0;61.0;;;;;13496;61;;;;;13495.0;0.0
-1;121900;DJEMBES;13495.0;61.0;;;;;13496;61;;;;;13495.5;0.0
-1;122000;DJEMBES;13496.0;30.0;13495.0;37.0;;;13497;67;;;;;13496.0;0.0
-1;122100;DJEMBES;13495.0;69.0;;;;;13497;69;;;;;13496.0;0.0
-1;122200;DJEMBES;13496.0;22.0;13495.0;44.0;;;13497;66;;;;;13496.0;0.0
-1;122300;DJEMBES;13496.0;59.0;;;;;13498;59;;;;;13497.0;0.0
-1;122400;DJEMBES;13496.0;57.0;;;;;13497;22;13498.0;35.0;;;13497.0;0.0
-1;122500;DJEMBES;13496.0;55.0;;;;;13497;55;;;;;13496.5;0.0
-1;122600;DJEMBES;13496.0;27.0;13495.0;45.0;;;13497;72;;;;;13496.0;0.0
-1;122700;DJEMBES;13496.0;64.0;;;;;13497;64;;;;;13496.5;0.0
-1;122800;DJEMBES;13495.0;73.0;;;;;13497;73;;;;;13496.0;0.0
-1;122900;DJEMBES;13495.0;68.0;;;;;13496;68;;;;;13495.5;0.0
-1;123000;DJEMBES;13494.0;67.0;;;;;13496;67;;;;;13495.0;0.0
-1;123100;DJEMBES;13494.0;61.0;;;;;13495;61;;;;;13494.5;0.0
-1;123200;DJEMBES;13493.0;56.0;;;;;13495;56;;;;;13494.0;0.0
-1;123300;DJEMBES;13496.0;65.0;;;;;13497;65;;;;;13496.5;0.0
-1;123400;DJEMBES;13496.0;76.0;;;;;13497;30;13498.0;46.0;;;13497.0;0.0
-1;123500;DJEMBES;13496.0;68.0;;;;;13497;24;13498.0;44.0;;;13497.0;0.0
-1;123600;DJEMBES;13499.0;70.0;;;;;13500;20;13501.0;50.0;;;13500.0;0.0
-1;123700;DJEMBES;13498.0;54.0;;;;;13499;19;13500.0;35.0;;;13499.0;0.0
-1;123800;DJEMBES;13499.0;23.0;13498.0;44.0;;;13500;67;;;;;13499.0;0.0
-1;123900;DJEMBES;13498.0;68.0;;;;;13499;19;13500.0;49.0;;;13499.0;0.0
-1;124000;DJEMBES;13498.0;71.0;;;;;13499;71;;;;;13498.5;0.0
-1;124100;DJEMBES;13498.0;16.0;13497.0;43.0;;;13499;68;;;;;13498.0;0.0
-1;124200;DJEMBES;13497.0;71.0;;;;;13499;71;;;;;13498.0;0.0
-1;124300;DJEMBES;13498.0;19.0;13497.0;37.0;;;13499;56;;;;;13498.0;0.0
-1;124400;DJEMBES;13499.0;30.0;13498.0;32.0;;;13500;62;;;;;13499.0;0.0
-1;124500;DJEMBES;13499.0;74.0;;;;;13500;74;;;;;13499.5;0.0
-1;124600;DJEMBES;13499.0;24.0;13498.0;30.0;;;13500;54;;;;;13499.0;0.0
-1;124700;DJEMBES;13498.0;58.0;;;;;13500;64;;;;;13499.0;0.0
-1;124800;DJEMBES;13497.0;27.0;13496.0;36.0;;;13498;63;;;;;13497.0;0.0
-1;124900;DJEMBES;13497.0;52.0;;;;;13498;22;13499.0;30.0;;;13498.0;0.0
-1;125000;DJEMBES;13498.0;22.0;13497.0;38.0;;;13499;60;;;;;13498.0;0.0
-1;125100;DJEMBES;13498.0;65.0;;;;;13500;65;;;;;13499.0;0.0
-1;125200;DJEMBES;13499.0;71.0;;;;;13501;71;;;;;13500.0;0.0
-1;125300;DJEMBES;13500.0;53.0;;;;;13501;15;13502.0;38.0;;;13501.0;0.0
-1;125400;DJEMBES;13500.0;26.0;13499.0;43.0;;;13501;69;;;;;13500.0;0.0
-1;125500;DJEMBES;13500.0;64.0;;;;;13501;64;;;;;13500.5;0.0
-1;125600;DJEMBES;13500.0;50.0;;;;;13501;50;;;;;13500.5;0.0
-1;125700;DJEMBES;13500.0;60.0;;;;;13501;60;;;;;13500.5;0.0
-1;125800;DJEMBES;13501.0;21.0;13500.0;48.0;;;13502;69;;;;;13501.0;0.0
-1;125900;DJEMBES;13500.0;54.0;;;;;13502;54;;;;;13501.0;0.0
-1;126000;DJEMBES;13500.0;48.0;;;;;13502;48;;;;;13501.0;0.0
-1;126100;DJEMBES;13501.0;59.0;;;;;13502;59;;;;;13501.5;0.0
-1;126200;DJEMBES;13500.0;64.0;;;;;13501;15;13502.0;49.0;;;13501.0;0.0
-1;126300;DJEMBES;13501.0;28.0;13500.0;43.0;;;13502;71;;;;;13501.0;0.0
-1;126400;DJEMBES;13501.0;56.0;;;;;13502;56;;;;;13501.5;0.0
-1;126500;DJEMBES;13501.0;68.0;;;;;13502;68;;;;;13501.5;0.0
-1;126600;DJEMBES;13501.0;63.0;;;;;13502;15;13503.0;48.0;;;13502.0;0.0
-1;126700;DJEMBES;13501.0;48.0;;;;;13502;18;13503.0;30.0;;;13502.0;0.0
-1;126800;DJEMBES;13501.0;63.0;;;;;13502;29;13503.0;34.0;;;13502.0;0.0
-1;126900;DJEMBES;13501.0;52.0;;;;;13502;20;13503.0;32.0;;;13502.0;0.0
-1;127000;DJEMBES;13501.0;70.0;;;;;13502;29;13503.0;41.0;;;13502.0;0.0
-1;127100;DJEMBES;13503.0;62.0;;;;;13504;26;13505.0;36.0;;;13504.0;0.0
-1;127200;DJEMBES;13503.0;64.0;;;;;13504;64;;;;;13503.5;0.0
-1;127300;DJEMBES;13503.0;16.0;13502.0;40.0;;;13504;56;;;;;13503.0;0.0
-1;127400;DJEMBES;13502.0;65.0;;;;;13504;65;;;;;13503.0;0.0
-1;127500;DJEMBES;13503.0;17.0;13502.0;49.0;;;13504;66;;;;;13503.0;0.0
-1;127600;DJEMBES;13502.0;59.0;;;;;13504;59;;;;;13503.0;0.0
-1;127700;DJEMBES;13503.0;26.0;13502.0;37.0;;;13504;63;;;;;13503.0;0.0
-1;127800;DJEMBES;13502.0;68.0;;;;;13503;68;;;;;13502.5;0.0
-1;127900;DJEMBES;13501.0;56.0;;;;;13503;56;;;;;13502.0;0.0
-1;128000;DJEMBES;13501.0;63.0;;;;;13503;63;;;;;13502.0;0.0
-1;128100;DJEMBES;13501.0;60.0;;;;;13502;28;13503.0;32.0;;;13502.0;0.0
-1;128200;DJEMBES;13501.0;60.0;;;;;13502;60;;;;;13501.5;0.0
-1;128300;DJEMBES;13502.0;16.0;13501.0;32.0;;;13503;48;;;;;13502.0;0.0
-1;128400;DJEMBES;13502.0;59.0;;;;;13503;25;13504.0;45.0;;;13503.0;0.0
-1;128500;DJEMBES;13503.0;58.0;;;;;13504;17;13505.0;41.0;;;13504.0;0.0
-1;128600;DJEMBES;13504.0;28.0;13503.0;47.0;;;13505;75;;;;;13504.0;0.0
-1;128700;DJEMBES;13504.0;64.0;;;;;13506;64;;;;;13505.0;0.0
-1;128800;DJEMBES;13504.0;58.0;;;;;13506;58;;;;;13505.0;0.0
-1;128900;DJEMBES;13504.0;71.0;;;;;13506;71;;;;;13505.0;0.0
-1;129000;DJEMBES;13505.0;60.0;;;;;13507;60;;;;;13506.0;0.0
-1;129100;DJEMBES;13506.0;74.0;;;;;13507;74;;;;;13506.5;0.0
-1;129200;DJEMBES;13505.0;71.0;;;;;13507;71;;;;;13506.0;0.0
-1;129300;DJEMBES;13505.0;76.0;;;;;13506;30;13507.0;46.0;;;13506.0;0.0
-1;129400;DJEMBES;13505.0;28.0;13504.0;31.0;;;13506;59;;;;;13505.0;0.0
-1;129500;DJEMBES;13502.0;56.0;;;;;13503;16;13504.0;40.0;;;13503.0;0.0
-1;129600;DJEMBES;13502.0;71.0;;;;;13503;71;;;;;13502.5;0.0
-1;129700;DJEMBES;13502.0;65.0;;;;;13504;65;;;;;13503.0;0.0
-1;129800;DJEMBES;13503.0;75.0;;;;;13504;29;13505.0;46.0;;;13504.0;0.0
-1;129900;DJEMBES;13504.0;58.0;;;;;13505;58;;;;;13504.5;0.0
-1;130000;DJEMBES;13502.0;63.0;;;;;13503;18;13504.0;45.0;;;13503.0;0.0
-1;130100;DJEMBES;13501.0;60.0;;;;;13503;60;;;;;13502.0;0.0
-1;130200;DJEMBES;13501.0;20.0;13500.0;50.0;;;13502;70;;;;;13501.0;0.0
-1;130300;DJEMBES;13501.0;16.0;13500.0;34.0;;;13502;50;;;;;13501.0;0.0
-1;130400;DJEMBES;13501.0;59.0;;;;;13502;19;13503.0;40.0;;;13502.0;0.0
-1;130500;DJEMBES;13502.0;21.0;13501.0;32.0;;;13503;53;;;;;13502.0;0.0
-1;130600;DJEMBES;13502.0;25.0;13501.0;37.0;;;13503;62;;;;;13502.0;0.0
-1;130700;DJEMBES;13501.0;50.0;;;;;13502;16;13503.0;34.0;;;13502.0;0.0
-1;130800;DJEMBES;13502.0;65.0;;;;;13503;65;;;;;13502.5;0.0
-1;130900;DJEMBES;13504.0;61.0;;;;;13505;61;;;;;13504.5;0.0
-1;131000;DJEMBES;13504.0;66.0;;;;;13505;28;13506.0;38.0;;;13505.0;0.0
-1;131100;DJEMBES;13504.0;78.0;;;;;13505;78;;;;;13504.5;0.0
-1;131200;DJEMBES;13504.0;67.0;;;;;13505;67;;;;;13504.5;0.0
-1;131300;DJEMBES;13504.0;17.0;13503.0;39.0;;;13505;56;;;;;13504.0;0.0
-1;131400;DJEMBES;13505.0;71.0;;;;;13506;27;13507.0;44.0;;;13506.0;0.0
-1;131500;DJEMBES;13504.0;73.0;;;;;13505;26;13506.0;47.0;;;13505.0;0.0
-1;131600;DJEMBES;13503.0;61.0;;;;;13504;28;13505.0;33.0;;;13504.0;0.0
-1;131700;DJEMBES;13502.0;70.0;;;;;13503;28;13504.0;42.0;;;13503.0;0.0
-1;131800;DJEMBES;13503.0;66.0;;;;;13504;19;13505.0;47.0;;;13504.0;0.0
-1;131900;DJEMBES;13503.0;55.0;;;;;13504;55;;;;;13503.5;0.0
-1;132000;DJEMBES;13503.0;53.0;;;;;13504;53;;;;;13503.5;0.0
-1;132100;DJEMBES;13504.0;29.0;13503.0;31.0;;;13505;60;;;;;13504.0;0.0
-1;132200;DJEMBES;13504.0;71.0;;;;;13505;71;;;;;13504.5;0.0
-1;132300;DJEMBES;13504.0;72.0;;;;;13505;22;13506.0;50.0;;;13505.0;0.0
-1;132400;DJEMBES;13504.0;65.0;;;;;13505;65;;;;;13504.5;0.0
-1;132500;DJEMBES;13504.0;25.0;13503.0;33.0;;;13505;58;;;;;13504.0;0.0
-1;132600;DJEMBES;13504.0;60.0;;;;;13505;25;13506.0;35.0;;;13505.0;0.0
-1;132700;DJEMBES;13504.0;24.0;13503.0;50.0;;;13505;74;;;;;13504.0;0.0
-1;132800;DJEMBES;13504.0;61.0;;;;;13505;61;;;;;13504.5;0.0
-1;132900;DJEMBES;13503.0;61.0;;;;;13505;61;;;;;13504.0;0.0
-1;133000;DJEMBES;13502.0;64.0;;;;;13503;64;;;;;13502.5;0.0
-1;133100;DJEMBES;13502.0;24.0;13501.0;46.0;;;13503;70;;;;;13502.0;0.0
-1;133200;DJEMBES;13501.0;72.0;;;;;13502;72;;;;;13501.5;0.0
-1;133300;DJEMBES;13501.0;81.0;;;;;13502;74;;;;;13501.5;0.0
-1;133400;DJEMBES;13501.0;64.0;;;;;13502;64;;;;;13501.5;0.0
-1;133500;DJEMBES;13502.0;29.0;13501.0;37.0;;;13503;66;;;;;13502.0;0.0
-1;133600;DJEMBES;13501.0;72.0;;;;;13502;24;13503.0;48.0;;;13502.0;0.0
-1;133700;DJEMBES;13501.0;49.0;;;;;13503;49;;;;;13502.0;0.0
-1;133800;DJEMBES;13502.0;28.0;13501.0;32.0;;;13503;60;;;;;13502.0;0.0
-1;133900;DJEMBES;13501.0;62.0;;;;;13502;62;;;;;13501.5;0.0
-1;134000;DJEMBES;13501.0;50.0;;;;;13502;50;;;;;13501.5;0.0
-1;134100;DJEMBES;13500.0;48.0;;;;;13501;16;13502.0;32.0;;;13501.0;0.0
-1;134200;DJEMBES;13498.0;15.0;13497.0;46.0;;;13499;61;;;;;13498.0;0.0
-1;134300;DJEMBES;13500.0;61.0;;;;;13501;61;;;;;13500.5;0.0
-1;134400;DJEMBES;13500.0;68.0;;;;;13501;68;;;;;13500.5;0.0
-1;134500;DJEMBES;13501.0;77.0;;;;;13502;77;;;;;13501.5;0.0
-1;134600;DJEMBES;13501.0;51.0;;;;;13502;21;13503.0;30.0;;;13502.0;0.0
-1;134700;DJEMBES;13501.0;74.0;;;;;13502;30;13503.0;44.0;;;13502.0;0.0
-1;134800;DJEMBES;13501.0;57.0;;;;;13503;57;;;;;13502.0;0.0
-1;134900;DJEMBES;13500.0;23.0;13499.0;44.0;;;13501;67;;;;;13500.0;0.0
-1;135000;DJEMBES;13499.0;23.0;13498.0;44.0;;;13500;67;;;;;13499.0;0.0
-1;135100;DJEMBES;13499.0;16.0;13498.0;47.0;;;13500;63;;;;;13499.0;0.0
-1;135200;DJEMBES;13498.0;57.0;;;;;13499;24;13500.0;33.0;;;13499.0;0.0
-1;135300;DJEMBES;13498.0;63.0;;;;;13499;63;;;;;13498.5;0.0
-1;135400;DJEMBES;13499.0;45.0;;;;;13500;53;;;;;13499.5;0.0
-1;135500;DJEMBES;13499.0;66.0;;;;;13500;28;13501.0;38.0;;;13500.0;0.0
-1;135600;DJEMBES;13500.0;62.0;;;;;13502;62;;;;;13501.0;0.0
-1;135700;DJEMBES;13500.0;67.0;;;;;13501;67;;;;;13500.5;0.0
-1;135800;DJEMBES;13501.0;29.0;13500.0;49.0;;;13502;78;;;;;13501.0;0.0
-1;135900;DJEMBES;13500.0;77.0;;;;;13501;77;;;;;13500.5;0.0
-1;136000;DJEMBES;13502.0;15.0;13501.0;49.0;;;13503;64;;;;;13502.0;0.0
-1;136100;DJEMBES;13502.0;68.0;;;;;13504;68;;;;;13503.0;0.0
-1;136200;DJEMBES;13502.0;64.0;;;;;13503;64;;;;;13502.5;0.0
-1;136300;DJEMBES;13501.0;54.0;;;;;13503;54;;;;;13502.0;0.0
-1;136400;DJEMBES;13501.0;54.0;;;;;13503;54;;;;;13502.0;0.0
-1;136500;DJEMBES;13501.0;56.0;;;;;13503;56;;;;;13502.0;0.0
-1;136600;DJEMBES;13501.0;57.0;;;;;13502;57;;;;;13501.5;0.0
-1;136700;DJEMBES;13501.0;68.0;;;;;13502;68;;;;;13501.5;0.0
-1;136800;DJEMBES;13500.0;71.0;;;;;13502;71;;;;;13501.0;0.0
-1;136900;DJEMBES;13500.0;54.0;;;;;13502;54;;;;;13501.0;0.0
-1;137000;DJEMBES;13500.0;52.0;;;;;13502;52;;;;;13501.0;0.0
-1;137100;DJEMBES;13500.0;72.0;;;;;13501;72;;;;;13500.5;0.0
-1;137200;DJEMBES;13500.0;72.0;;;;;13501;72;;;;;13500.5;0.0
-1;137300;DJEMBES;13500.0;63.0;;;;;13502;63;;;;;13501.0;0.0
-1;137400;DJEMBES;13500.0;63.0;;;;;13501;30;13502.0;33.0;;;13501.0;0.0
-1;137500;DJEMBES;13500.0;66.0;;;;;13501;66;;;;;13500.5;0.0
-1;137600;DJEMBES;13500.0;20.0;13499.0;32.0;;;13501;52;;;;;13500.0;0.0
-1;137700;DJEMBES;13500.0;76.0;;;;;13501;76;;;;;13500.5;0.0
-1;137800;DJEMBES;13500.0;46.0;;;;;13501;46;;;;;13500.5;0.0
-1;137900;DJEMBES;13500.0;62.0;;;;;13501;62;;;;;13500.5;0.0
-1;138000;DJEMBES;13500.0;57.0;;;;;13501;19;13502.0;38.0;;;13501.0;0.0
-1;138100;DJEMBES;13499.0;71.0;;;;;13500;27;13501.0;44.0;;;13500.0;0.0
-1;138200;DJEMBES;13499.0;57.0;;;;;13501;57;;;;;13500.0;0.0
-1;138300;DJEMBES;13500.0;15.0;13499.0;31.0;;;13501;46;;;;;13500.0;0.0
-1;138400;DJEMBES;13499.0;75.0;;;;;13500;27;13501.0;48.0;;;13500.0;0.0
-1;138500;DJEMBES;13499.0;70.0;;;;;13500;30;13501.0;40.0;;;13500.0;0.0
-1;138600;DJEMBES;13499.0;56.0;;;;;13501;56;;;;;13500.0;0.0
-1;138700;DJEMBES;13499.0;66.0;;;;;13500;22;13501.0;44.0;;;13500.0;0.0
-1;138800;DJEMBES;13499.0;67.0;;;;;13501;67;;;;;13500.0;0.0
-1;138900;DJEMBES;13499.0;28.0;13498.0;46.0;;;13500;74;;;;;13499.0;0.0
-1;139000;DJEMBES;13498.0;16.0;13497.0;44.0;;;13499;60;;;;;13498.0;0.0
-1;139100;DJEMBES;13497.0;65.0;;;;;13499;65;;;;;13498.0;0.0
-1;139200;DJEMBES;13497.0;60.0;;;;;13499;60;;;;;13498.0;0.0
-1;139300;DJEMBES;13498.0;25.0;13497.0;49.0;;;13499;74;;;;;13498.0;0.0
-1;139400;DJEMBES;13498.0;60.0;;;;;13499;60;;;;;13498.5;0.0
-1;139500;DJEMBES;13498.0;33.0;13497.0;31.0;;;13499;54;;;;;13498.5;0.0
-1;139600;DJEMBES;13498.0;30.0;13497.0;49.0;;;13499;79;;;;;13498.0;0.0
-1;139700;DJEMBES;13497.0;71.0;;;;;13499;71;;;;;13498.0;0.0
-1;139800;DJEMBES;13498.0;18.0;13497.0;38.0;;;13499;56;;;;;13498.0;0.0
-1;139900;DJEMBES;13497.0;59.0;;;;;13498;59;;;;;13497.5;0.0
-1;140000;DJEMBES;13497.0;58.0;;;;;13498;58;;;;;13497.5;0.0
-1;140100;DJEMBES;13498.0;20.0;13497.0;37.0;;;13499;57;;;;;13498.0;0.0
-1;140200;DJEMBES;13498.0;29.0;13497.0;46.0;;;13499;75;;;;;13498.0;0.0
-1;140300;DJEMBES;13497.0;68.0;;;;;13498;68;;;;;13497.5;0.0
-1;140400;DJEMBES;13498.0;66.0;;;;;13499;66;;;;;13498.5;0.0
-1;140500;DJEMBES;13497.0;17.0;13496.0;42.0;;;13498;59;;;;;13497.0;0.0
-1;140600;DJEMBES;13496.0;65.0;;;;;13498;65;;;;;13497.0;0.0
-1;140700;DJEMBES;13497.0;55.0;;;;;13498;18;13499.0;37.0;;;13498.0;0.0
-1;140800;DJEMBES;13498.0;68.0;;;;;13499;62;;;;;13498.5;0.0
-1;140900;DJEMBES;13497.0;64.0;;;;;13499;64;;;;;13498.0;0.0
-1;141000;DJEMBES;13497.0;68.0;;;;;13498;68;;;;;13497.5;0.0
-1;141100;DJEMBES;13497.0;57.0;;;;;13498;21;13499.0;36.0;;;13498.0;0.0
-1;141200;DJEMBES;13496.0;74.0;;;;;13498;74;;;;;13497.0;0.0
-1;141300;DJEMBES;13497.0;16.0;13496.0;48.0;;;13498;64;;;;;13497.0;0.0
-1;141400;DJEMBES;13496.0;68.0;;;;;13498;68;;;;;13497.0;0.0
-1;141500;DJEMBES;13494.0;70.0;;;;;13496;70;;;;;13495.0;0.0
-1;141600;DJEMBES;13496.0;52.0;;;;;13497;52;;;;;13496.5;0.0
-1;141700;DJEMBES;13496.0;70.0;;;;;13497;25;13498.0;45.0;;;13497.0;0.0
-1;141800;DJEMBES;13496.0;67.0;;;;;13497;27;13498.0;40.0;;;13497.0;0.0
-1;141900;DJEMBES;13495.0;78.0;;;;;13497;78;;;;;13496.0;0.0
-1;142000;DJEMBES;13495.0;64.0;;;;;13497;64;;;;;13496.0;0.0
-1;142100;DJEMBES;13496.0;63.0;;;;;13497;22;13498.0;41.0;;;13497.0;0.0
-1;142200;DJEMBES;13494.0;61.0;;;;;13495;61;;;;;13494.5;0.0
-1;142300;DJEMBES;13494.0;56.0;;;;;13496;56;;;;;13495.0;0.0
-1;142400;DJEMBES;13493.0;53.0;;;;;13495;53;;;;;13494.0;0.0
-1;142500;DJEMBES;13494.0;70.0;;;;;13495;28;13496.0;42.0;;;13495.0;0.0
-1;142600;DJEMBES;13493.0;61.0;;;;;13494;61;;;;;13493.5;0.0
-1;142700;DJEMBES;13494.0;72.0;;;;;13495;23;13496.0;49.0;;;13495.0;0.0
-1;142800;DJEMBES;13495.0;23.0;13494.0;41.0;;;13496;64;;;;;13495.0;0.0
-1;142900;DJEMBES;13496.0;29.0;13495.0;42.0;;;13497;71;;;;;13496.0;0.0
-1;143000;DJEMBES;13497.0;66.0;;;;;13498;66;;;;;13497.5;0.0
-1;143100;DJEMBES;13497.0;63.0;;;;;13498;63;;;;;13497.5;0.0
-1;143200;DJEMBES;13498.0;50.0;;;;;13499;50;;;;;13498.5;0.0
-1;143300;DJEMBES;13498.0;15.0;13497.0;36.0;;;13499;51;;;;;13498.0;0.0
-1;143400;DJEMBES;13498.0;67.0;;;;;13499;27;13500.0;40.0;;;13499.0;0.0
-1;143500;DJEMBES;13496.0;73.0;;;;;13498;73;;;;;13497.0;0.0
-1;143600;DJEMBES;13496.0;59.0;;;;;13498;59;;;;;13497.0;0.0
-1;143700;DJEMBES;13496.0;50.0;;;;;13497;15;13498.0;35.0;;;13497.0;0.0
-1;143800;DJEMBES;13496.0;71.0;;;;;13497;28;13498.0;43.0;;;13497.0;0.0
-1;143900;DJEMBES;13496.0;58.0;;;;;13498;58;;;;;13497.0;0.0
-1;144000;DJEMBES;13496.0;55.0;;;;;13498;55;;;;;13497.0;0.0
-1;144100;DJEMBES;13497.0;18.0;13496.0;40.0;;;13498;58;;;;;13497.0;0.0
-1;144200;DJEMBES;13498.0;24.0;13497.0;43.0;;;13499;67;;;;;13498.0;0.0
-1;144300;DJEMBES;13497.0;73.0;;;;;13498;23;13499.0;50.0;;;13498.0;0.0
-1;144400;DJEMBES;13497.0;70.0;;;;;13498;30;13499.0;40.0;;;13498.0;0.0
-1;144500;DJEMBES;13497.0;63.0;;;;;13498;63;;;;;13497.5;0.0
-1;144600;DJEMBES;13497.0;49.0;;;;;13499;49;;;;;13498.0;0.0
-1;144700;DJEMBES;13498.0;51.0;;;;;13499;21;13500.0;30.0;;;13499.0;0.0
-1;144800;DJEMBES;13498.0;60.0;;;;;13499;60;;;;;13498.5;0.0
-1;144900;DJEMBES;13498.0;70.0;;;;;13499;70;;;;;13498.5;0.0
-1;145000;DJEMBES;13498.0;27.0;13497.0;45.0;;;13499;72;;;;;13498.0;0.0
-1;145100;DJEMBES;13497.0;68.0;;;;;13499;68;;;;;13498.0;0.0
-1;145200;DJEMBES;13498.0;69.0;;;;;13499;69;;;;;13498.5;0.0
-1;145300;DJEMBES;13498.0;66.0;;;;;13499;66;;;;;13498.5;0.0
-1;145400;DJEMBES;13498.0;70.0;;;;;13499;70;;;;;13498.5;0.0
-1;145500;DJEMBES;13496.0;66.0;;;;;13497;66;;;;;13496.5;0.0
-1;145600;DJEMBES;13496.0;63.0;;;;;13497;63;;;;;13496.5;0.0
-1;145700;DJEMBES;13496.0;51.0;;;;;13498;51;;;;;13497.0;0.0
-1;145800;DJEMBES;13496.0;49.0;;;;;13498;49;;;;;13497.0;0.0
-1;145900;DJEMBES;13496.0;67.0;;;;;13497;29;13498.0;38.0;;;13497.0;0.0
-1;146000;DJEMBES;13496.0;57.0;;;;;13498;57;;;;;13497.0;0.0
-1;146100;DJEMBES;13498.0;17.0;13497.0;40.0;;;13499;57;;;;;13498.0;0.0
-1;146200;DJEMBES;13497.0;57.0;;;;;13498;20;13499.0;37.0;;;13498.0;0.0
-1;146300;DJEMBES;13497.0;68.0;;;;;13499;68;;;;;13498.0;0.0
-1;146400;DJEMBES;13496.0;52.0;;;;;13498;52;;;;;13497.0;0.0
-1;146500;DJEMBES;13496.0;52.0;;;;;13498;60;;;;;13497.0;0.0
-1;146600;DJEMBES;13497.0;23.0;13496.0;44.0;;;13498;67;;;;;13497.0;0.0
-1;146700;DJEMBES;13497.0;56.0;;;;;13498;56;;;;;13497.5;0.0
-1;146800;DJEMBES;13496.0;60.0;;;;;13497;60;;;;;13496.5;0.0
-1;146900;DJEMBES;13496.0;27.0;13495.0;38.0;;;13497;65;;;;;13496.0;0.0
-1;147000;DJEMBES;13496.0;62.0;;;;;13497;29;13498.0;33.0;;;13497.0;0.0
-1;147100;DJEMBES;13496.0;59.0;;;;;13498;59;;;;;13497.0;0.0
-1;147200;DJEMBES;13497.0;27.0;13496.0;44.0;;;13498;71;;;;;13497.0;0.0
-1;147300;DJEMBES;13496.0;29.0;13495.0;44.0;;;13497;73;;;;;13496.0;0.0
-1;147400;DJEMBES;13496.0;20.0;13495.0;33.0;;;13497;53;;;;;13496.0;0.0
-1;147500;DJEMBES;13497.0;67.0;;;;;13498;67;;;;;13497.5;0.0
-1;147600;DJEMBES;13498.0;72.0;;;;;13499;29;13500.0;43.0;;;13499.0;0.0
-1;147700;DJEMBES;13500.0;57.0;;;;;13501;57;;;;;13500.5;0.0
-1;147800;DJEMBES;13502.0;62.0;;;;;13503;29;13504.0;33.0;;;13503.0;0.0
-1;147900;DJEMBES;13503.0;61.0;;;;;13505;61;;;;;13504.0;0.0
-1;148000;DJEMBES;13503.0;59.0;;;;;13504;24;13505.0;35.0;;;13504.0;0.0
-1;148100;DJEMBES;13503.0;77.0;;;;;13504;77;;;;;13503.5;0.0
-1;148200;DJEMBES;13503.0;76.0;;;;;13504;29;13505.0;47.0;;;13504.0;0.0
-1;148300;DJEMBES;13502.0;72.0;;;;;13503;72;;;;;13502.5;0.0
-1;148400;DJEMBES;13502.0;70.0;;;;;13503;70;;;;;13502.5;0.0
-1;148500;DJEMBES;13502.0;48.0;;;;;13503;48;;;;;13502.5;0.0
-1;148600;DJEMBES;13503.0;21.0;13502.0;31.0;;;13504;52;;;;;13503.0;0.0
-1;148700;DJEMBES;13502.0;58.0;;;;;13503;58;;;;;13502.5;0.0
-1;148800;DJEMBES;13501.0;54.0;;;;;13503;54;;;;;13502.0;0.0
-1;148900;DJEMBES;13500.0;20.0;13499.0;45.0;;;13501;65;;;;;13500.0;0.0
-1;149000;DJEMBES;13502.0;55.0;;;;;13503;55;;;;;13502.5;0.0
-1;149100;DJEMBES;13503.0;4.0;13502.0;63.0;;;13504;63;;;;;13503.0;0.0
-1;149200;DJEMBES;13502.0;62.0;;;;;13504;62;;;;;13503.0;0.0
-1;149300;DJEMBES;13503.0;57.0;;;;;13504;57;;;;;13503.5;0.0
-1;149400;DJEMBES;13502.0;72.0;;;;;13503;27;13504.0;45.0;;;13503.0;0.0
-1;149500;DJEMBES;13502.0;65.0;;;;;13504;65;;;;;13503.0;0.0
-1;149600;DJEMBES;13503.0;63.0;;;;;13504;23;13505.0;40.0;;;13504.0;0.0
-1;149700;DJEMBES;13503.0;67.0;;;;;13504;72;;;;;13503.5;0.0
-1;149800;DJEMBES;13503.0;61.0;;;;;13505;61;;;;;13504.0;0.0
-1;149900;DJEMBES;13504.0;27.0;13503.0;48.0;;;13505;75;;;;;13504.0;0.0
-1;150000;DJEMBES;13503.0;60.0;;;;;13504;60;;;;;13503.5;0.0
-1;150100;DJEMBES;13502.0;63.0;;;;;13504;63;;;;;13503.0;0.0
-1;150200;DJEMBES;13503.0;24.0;13502.0;49.0;;;13504;73;;;;;13503.0;0.0
-1;150300;DJEMBES;13503.0;17.0;13502.0;30.0;;;13504;47;;;;;13503.0;0.0
-1;150400;DJEMBES;13502.0;61.0;;;;;13503;61;;;;;13502.5;0.0
-1;150500;DJEMBES;13499.0;66.0;;;;;13500;23;13501.0;43.0;;;13500.0;0.0
-1;150600;DJEMBES;13498.0;54.0;;;;;13499;16;13500.0;38.0;;;13499.0;0.0
-1;150700;DJEMBES;13499.0;52.0;;;;;13500;18;13501.0;34.0;;;13500.0;0.0
-1;150800;DJEMBES;13499.0;28.0;13498.0;43.0;;;13500;71;;;;;13499.0;0.0
-1;150900;DJEMBES;13497.0;58.0;;;;;13499;58;;;;;13498.0;0.0
-1;151000;DJEMBES;13497.0;59.0;;;;;13498;27;13499.0;32.0;;;13498.0;0.0
-1;151100;DJEMBES;13497.0;63.0;;;;;13498;63;;;;;13497.5;0.0
-1;151200;DJEMBES;13498.0;18.0;13497.0;30.0;;;13499;48;;;;;13498.0;0.0
-1;151300;DJEMBES;13498.0;20.0;13497.0;38.0;;;13499;58;;;;;13498.0;0.0
-1;151400;DJEMBES;13499.0;62.0;;;;;13500;62;;;;;13499.5;0.0
-1;151500;DJEMBES;13499.0;53.0;;;;;13500;23;13501.0;30.0;;;13500.0;0.0
-1;151600;DJEMBES;13500.0;54.0;;;;;13501;17;13502.0;37.0;;;13501.0;0.0
-1;151700;DJEMBES;13501.0;59.0;;;;;13502;59;;;;;13501.5;0.0
-1;151800;DJEMBES;13501.0;63.0;;;;;13502;63;;;;;13501.5;0.0
-1;151900;DJEMBES;13500.0;57.0;;;;;13502;57;;;;;13501.0;0.0
-1;152000;DJEMBES;13499.0;58.0;;;;;13500;58;;;;;13499.5;0.0
-1;152100;DJEMBES;13499.0;58.0;;;;;13500;25;13501.0;33.0;;;13500.0;0.0
-1;152200;DJEMBES;13500.0;64.0;;;;;13501;19;13502.0;45.0;;;13501.0;0.0
-1;152300;DJEMBES;13500.0;69.0;;;;;13501;69;;;;;13500.5;0.0
-1;152400;DJEMBES;13500.0;29.0;13499.0;48.0;;;13501;77;;;;;13500.0;0.0
-1;152500;DJEMBES;13500.0;46.0;;;;;13502;46;;;;;13501.0;0.0
-1;152600;DJEMBES;13501.0;77.0;;;;;13502;77;;;;;13501.5;0.0
-1;152700;DJEMBES;13502.0;30.0;13501.0;40.0;;;13503;70;;;;;13502.0;0.0
-1;152800;DJEMBES;13501.0;56.0;;;;;13503;56;;;;;13502.0;0.0
-1;152900;DJEMBES;13502.0;63.0;;;;;13503;63;;;;;13502.5;0.0
-1;153000;DJEMBES;13496.0;61.0;;;;;13498;61;;;;;13497.0;0.0
-1;153100;DJEMBES;13497.0;58.0;;;;;13498;26;13499.0;32.0;;;13498.0;0.0
-1;153200;DJEMBES;13498.0;48.0;;;;;13499;57;;;;;13498.5;0.0
-1;153300;DJEMBES;13497.0;47.0;;;;;13499;47;;;;;13498.0;0.0
-1;153400;DJEMBES;13497.0;65.0;;;;;13498;65;;;;;13497.5;0.0
-1;153500;DJEMBES;13496.0;62.0;;;;;13497;29;13498.0;33.0;;;13497.0;0.0
-1;153600;DJEMBES;13497.0;21.0;13496.0;37.0;;;13498;58;;;;;13497.0;0.0
-1;153700;DJEMBES;13497.0;61.0;;;;;13498;61;;;;;13497.5;0.0
-1;153800;DJEMBES;13492.0;21.0;13491.0;31.0;;;13493;52;;;;;13492.0;0.0
-1;153900;DJEMBES;13486.0;71.0;;;;;13487;71;;;;;13486.5;0.0
-1;154000;DJEMBES;13480.0;59.0;;;;;13482;59;;;;;13481.0;0.0
-1;154100;DJEMBES;13481.0;23.0;13480.0;49.0;;;13482;72;;;;;13481.0;0.0
-1;154200;DJEMBES;13483.0;23.0;13482.0;36.0;;;13484;59;;;;;13483.0;0.0
-1;154300;DJEMBES;13483.0;65.0;;;;;13485;65;;;;;13484.0;0.0
-1;154400;DJEMBES;13488.0;62.0;;;;;13489;62;;;;;13488.5;0.0
-1;154500;DJEMBES;13488.0;52.0;;;;;13489;52;;;;;13488.5;0.0
-1;154600;DJEMBES;13487.0;67.0;;;;;13489;67;;;;;13488.0;0.0
-1;154700;DJEMBES;13487.0;73.0;;;;;13488;73;;;;;13487.5;0.0
-1;154800;DJEMBES;13488.0;73.0;;;;;13489;29;13490.0;44.0;;;13489.0;0.0
-1;154900;DJEMBES;13489.0;54.0;;;;;13490;23;13491.0;31.0;;;13490.0;0.0
-1;155000;DJEMBES;13489.0;75.0;;;;;13490;75;;;;;13489.5;0.0
-1;155100;DJEMBES;13489.0;56.0;;;;;13490;56;;;;;13489.5;0.0
-1;155200;DJEMBES;13489.0;55.0;;;;;13490;17;13491.0;38.0;;;13490.0;0.0
-1;155300;DJEMBES;13489.0;69.0;;;;;13490;69;;;;;13489.5;0.0
-1;155400;DJEMBES;13488.0;61.0;;;;;13490;61;;;;;13489.0;0.0
-1;155500;DJEMBES;13486.0;52.0;;;;;13487;21;13488.0;31.0;;;13487.0;0.0
-1;155600;DJEMBES;13486.0;25.0;13485.0;40.0;;;13487;65;;;;;13486.0;0.0
-1;155700;DJEMBES;13486.0;25.0;13485.0;49.0;;;13487;74;;;;;13486.0;0.0
-1;155800;DJEMBES;13486.0;65.0;;;;;13488;65;;;;;13487.0;0.0
-1;155900;DJEMBES;13485.0;79.0;;;;;13486;29;13487.0;50.0;;;13486.0;0.0
-1;156000;DJEMBES;13484.0;48.0;;;;;13486;48;;;;;13485.0;0.0
-1;156100;DJEMBES;13485.0;18.0;13484.0;41.0;;;13486;59;;;;;13485.0;0.0
