day;timestamp;product;bid_price_1;bid_volume_1;bid_price_2;bid_volume_2;bid_price_3;bid_volume_3;ask_price_1;ask_volume_1;ask_price_2;ask_volume_2;ask_price_3;ask_volume_3;mid_price;profit_and_loss
-1;0;JAMS;6670.0;66.0;6669.0;137.0;;;6671;66;6672.0;137.0;;;6670.5;0.0
-1;100;JAMS;6670.0;81.0;6669.0;116.0;;;6671;81;6672.0;116.0;;;6670.5;0.0
-1;200;JAMS;6670.0;253.0;;;;;6672;253;;;;;6671.0;0.0
-1;300;JAMS;6671.0;244.0;;;;;6673;244;;;;;6672.0;0.0
-1;400;JAMS;6671.0;233.0;;;;;6673;233;;;;;6672.0;0.0
-1;500;JAMS;6671.0;237.0;;;;;6673;237;;;;;6672.0;0.0
-1;600;JAMS;6672.0;89.0;6671.0;193.0;;;6673;89;6674.0;193.0;;;6672.5;0.0
-1;700;JAMS;6672.0;260.0;;;;;6674;260;;;;;6673.0;0.0
-1;800;JAMS;6672.0;72.0;6671.0;106.0;;;6673;72;6674.0;106.0;;;6672.5;0.0
-1;900;JAMS;6672.0;289.0;;;;;6674;279;;;;;6673.0;0.0
-1;1000;JAMS;6673.0;100.0;6672.0;125.0;;;6674;100;6675.0;125.0;;;6673.5;0.0
-1;1100;JAMS;6673.0;95.0;6672.0;139.0;;;6674;95;6675.0;139.0;;;6673.5;0.0
-1;1200;JAMS;6673.0;79.0;6672.0;168.0;;;6674;79;6675.0;168.0;;;6673.5;0.0
-1;1300;JAMS;6673.0;59.0;6672.0;181.0;;;6674;59;6675.0;181.0;;;6673.5;0.0
-1;1400;JAMS;6673.0;96.0;6672.0;176.0;;;6674;96;6675.0;176.0;;;6673.5;0.0
-1;1500;JAMS;6673.0;260.0;;;;;6675;260;;;;;6674.0;0.0
-1;1600;JAMS;6673.0;205.0;;;;;6675;205;;;;;6674.0;0.0
-1;1700;JAMS;6673.0;230.0;;;;;6675;230;;;;;6674.0;0.0
-1;1800;JAMS;6673.0;185.0;;;;;6675;192;;;;;6674.0;0.0
-1;1900;JAMS;6674.0;11.0;6673.0;228.0;;;6675;228;;;;;6674.0;0.0
-1;2000;JAMS;6673.0;216.0;;;;;6675;216;;;;;6674.0;0.0
-1;2100;JAMS;6673.0;216.0;;;;;6675;216;;;;;6674.0;0.0
-1;2200;JAMS;6673.0;185.0;;;;;6675;185;;;;;6674.0;0.0
-1;2300;JAMS;6671.0;271.0;;;;;6673;271;;;;;6672.0;0.0
-1;2400;JAMS;6670.0;269.0;;;;;6672;269;;;;;6671.0;0.0
-1;2500;JAMS;6670.0;219.0;;;;;6672;222;;;;;6671.0;0.0
-1;2600;JAMS;6670.0;73.0;6669.0;144.0;;;6671;73;6672.0;144.0;;;6670.5;0.0
-1;2700;JAMS;6670.0;205.0;;;;;6672;205;;;;;6671.0;0.0
-1;2800;JAMS;6671.0;192.0;;;;;6673;192;;;;;6672.0;0.0
-1;2900;JAMS;6671.0;232.0;;;;;6673;232;;;;;6672.0;0.0
-1;3000;JAMS;6671.0;195.0;;;;;6673;195;;;;;6672.0;0.0
-1;3100;JAMS;6670.0;198.0;;;;;6672;198;;;;;6671.0;0.0
-1;3200;JAMS;6670.0;226.0;;;;;6672;226;;;;;6671.0;0.0
-1;3300;JAMS;6669.0;275.0;;;;;6671;275;;;;;6670.0;0.0
-1;3400;JAMS;6669.0;216.0;;;;;6671;216;;;;;6670.0;0.0
-1;3500;JAMS;6671.0;239.0;;;;;6673;239;;;;;6672.0;0.0
-1;3600;JAMS;6671.0;210.0;;;;;6673;210;;;;;6672.0;0.0
-1;3700;JAMS;6672.0;86.0;6671.0;149.0;;;6673;86;6674.0;149.0;;;6672.5;0.0
-1;3800;JAMS;6671.0;211.0;;;;;6673;211;;;;;6672.0;0.0
-1;3900;JAMS;6671.0;194.0;;;;;6673;194;;;;;6672.0;0.0
-1;4000;JAMS;6671.0;211.0;;;;;6673;204;;;;;6672.0;0.0
-1;4100;JAMS;6671.0;161.0;;;;;6673;161;;;;;6672.0;0.0
-1;4200;JAMS;6670.0;263.0;;;;;6672;263;;;;;6671.0;0.0
-1;4300;JAMS;6669.0;262.0;;;;;6671;262;;;;;6670.0;0.0
-1;4400;JAMS;6669.0;80.0;6668.0;186.0;;;6670;80;6671.0;186.0;;;6669.5;0.0
-1;4500;JAMS;6669.0;57.0;6668.0;169.0;;;6670;57;6671.0;169.0;;;6669.5;0.0
-1;4600;JAMS;6668.0;251.0;;;;;6670;251;;;;;6669.0;0.0
-1;4700;JAMS;6667.0;204.0;;;;;6669;210;;;;;6668.0;0.0
-1;4800;JAMS;6668.0;79.0;6667.0;145.0;;;6669;79;6670.0;145.0;;;6668.5;0.0
-1;4900;JAMS;6668.0;97.0;6667.0;118.0;;;6669;97;6670.0;118.0;;;6668.5;0.0
-1;5000;JAMS;6668.0;57.0;6667.0;179.0;;;6669;57;6670.0;179.0;;;6668.5;0.0
-1;5100;JAMS;6668.0;66.0;6667.0;104.0;;;6669;66;6670.0;104.0;;;6668.5;0.0
-1;5200;JAMS;6667.0;283.0;;;;;6668;10;6669.0;283.0;;;6668.0;0.0
-1;5300;JAMS;6667.0;178.0;;;;;6669;178;;;;;6668.0;0.0
-1;5400;JAMS;6667.0;230.0;;;;;6669;230;;;;;6668.0;0.0
-1;5500;JAMS;6667.0;188.0;;;;;6669;188;;;;;6668.0;0.0
-1;5600;JAMS;6667.0;71.0;6666.0;192.0;;;6668;71;6669.0;192.0;;;6667.5;0.0
-1;5700;JAMS;6667.0;79.0;6666.0;161.0;;;6668;76;6669.0;161.0;;;6667.5;0.0
-1;5800;JAMS;6666.0;50.0;6665.0;177.0;;;6667;50;6668.0;177.0;;;6666.5;0.0
-1;5900;JAMS;6666.0;69.0;6665.0;100.0;;;6667;69;6668.0;100.0;;;6666.5;0.0
-1;6000;JAMS;6665.0;211.0;;;;;6667;211;;;;;6666.0;0.0
-1;6100;JAMS;6666.0;61.0;6665.0;177.0;;;6667;61;6668.0;177.0;;;6666.5;0.0
-1;6200;JAMS;6665.0;257.0;;;;;6667;257;;;;;6666.0;0.0
-1;6300;JAMS;6665.0;207.0;;;;;6667;207;;;;;6666.0;0.0
-1;6400;JAMS;6666.0;100.0;6665.0;148.0;;;6667;100;6668.0;148.0;;;6666.5;0.0
-1;6500;JAMS;6665.0;268.0;;;;;6667;268;;;;;6666.0;0.0
-1;6600;JAMS;6665.0;258.0;;;;;6667;258;;;;;6666.0;0.0
-1;6700;JAMS;6666.0;64.0;6665.0;111.0;;;6667;64;6668.0;111.0;;;6666.5;0.0
-1;6800;JAMS;6665.0;213.0;;;;;6667;213;;;;;6666.0;0.0
-1;6900;JAMS;6665.0;225.0;;;;;6667;225;;;;;6666.0;0.0
-1;7000;JAMS;6665.0;98.0;6664.0;134.0;;;6666;98;6667.0;134.0;;;6665.5;0.0
-1;7100;JAMS;6665.0;68.0;6664.0;143.0;;;6666;68;6667.0;143.0;;;6665.5;0.0
-1;7200;JAMS;6665.0;69.0;6664.0;156.0;;;6666;69;6667.0;156.0;;;6665.5;0.0
-1;7300;JAMS;6665.0;177.0;;;;;6667;177;;;;;6666.0;0.0
-1;7400;JAMS;6665.0;61.0;6664.0;184.0;;;6666;61;6667.0;184.0;;;6665.5;0.0
-1;7500;JAMS;6663.0;219.0;;;;;6665;211;;;;;6664.0;0.0
-1;7600;JAMS;6661.0;195.0;;;;;6663;195;;;;;6662.0;0.0
-1;7700;JAMS;6661.0;100.0;6660.0;104.0;;;6662;100;6663.0;104.0;;;6661.5;0.0
-1;7800;JAMS;6661.0;257.0;;;;;6663;257;;;;;6662.0;0.0
-1;7900;JAMS;6662.0;288.0;;;;;6664;288;;;;;6663.0;0.0
-1;8000;JAMS;6661.0;223.0;;;;;6663;223;;;;;6662.0;0.0
-1;8100;JAMS;6663.0;63.0;6662.0;195.0;;;6664;63;6665.0;195.0;;;6663.5;0.0
-1;8200;JAMS;6662.0;266.0;;;;;6664;266;;;;;6663.0;0.0
-1;8300;JAMS;6663.0;79.0;6662.0;160.0;;;6664;79;6665.0;160.0;;;6663.5;0.0
-1;8400;JAMS;6663.0;266.0;;;;;6665;266;;;;;6664.0;0.0
-1;8500;JAMS;6662.0;55.0;6661.0;171.0;;;6663;55;6664.0;171.0;;;6662.5;0.0
-1;8600;JAMS;6661.0;193.0;;;;;6663;193;;;;;6662.0;0.0
-1;8700;JAMS;6662.0;226.0;;;;;6664;226;;;;;6663.0;0.0
-1;8800;JAMS;6663.0;88.0;6662.0;176.0;;;6664;95;6665.0;176.0;;;6663.5;0.0
-1;8900;JAMS;6664.0;8.0;6663.0;212.0;;;6665;212;;;;;6664.0;0.0
-1;9000;JAMS;6663.0;253.0;;;;;6665;253;;;;;6664.0;0.0
-1;9100;JAMS;6663.0;198.0;;;;;6665;198;;;;;6664.0;0.0
-1;9200;JAMS;6665.0;290.0;;;;;6667;290;;;;;6666.0;0.0
-1;9300;JAMS;6667.0;72.0;6666.0;122.0;;;6668;72;6669.0;122.0;;;6667.5;0.0
-1;9400;JAMS;6668.0;80.0;6667.0;178.0;;;6669;80;6670.0;178.0;;;6668.5;0.0
-1;9500;JAMS;6668.0;250.0;;;;;6670;250;;;;;6669.0;0.0
-1;9600;JAMS;6669.0;82.0;6668.0;122.0;;;6670;75;6671.0;122.0;;;6669.5;0.0
-1;9700;JAMS;6668.0;256.0;;;;;6670;256;;;;;6669.0;0.0
-1;9800;JAMS;6667.0;231.0;;;;;6669;231;;;;;6668.0;0.0
-1;9900;JAMS;6666.0;54.0;6665.0;173.0;;;6667;54;6668.0;173.0;;;6666.5;0.0
-1;10000;JAMS;6666.0;231.0;;;;;6668;231;;;;;6667.0;0.0
-1;10100;JAMS;6666.0;254.0;;;;;6668;254;;;;;6667.0;0.0
-1;10200;JAMS;6666.0;251.0;;;;;6668;251;;;;;6667.0;0.0
-1;10300;JAMS;6666.0;170.0;;;;;6668;170;;;;;6667.0;0.0
-1;10400;JAMS;6667.0;81.0;6666.0;163.0;;;6668;75;6669.0;163.0;;;6667.5;0.0
-1;10500;JAMS;6667.0;91.0;6666.0;195.0;;;6668;91;6669.0;195.0;;;6667.5;0.0
-1;10600;JAMS;6666.0;224.0;;;;;6668;220;;;;;6667.0;0.0
-1;10700;JAMS;6666.0;228.0;;;;;6668;228;;;;;6667.0;0.0
-1;10800;JAMS;6666.0;225.0;;;;;6668;225;;;;;6667.0;0.0
-1;10900;JAMS;6666.0;202.0;;;;;6668;202;;;;;6667.0;0.0
-1;11000;JAMS;6667.0;95.0;6666.0;137.0;;;6668;95;6669.0;137.0;;;6667.5;0.0
-1;11100;JAMS;6667.0;78.0;6666.0;164.0;;;6668;78;6669.0;164.0;;;6667.5;0.0
-1;11200;JAMS;6667.0;163.0;;;;;6669;163;;;;;6668.0;0.0
-1;11300;JAMS;6662.0;202.0;;;;;6664;202;;;;;6663.0;0.0
-1;11400;JAMS;6664.0;73.0;6663.0;108.0;;;6665;73;6666.0;108.0;;;6664.5;0.0
-1;11500;JAMS;6664.0;248.0;;;;;6666;248;;;;;6665.0;0.0
-1;11600;JAMS;6665.0;63.0;6664.0;138.0;;;6666;63;6667.0;138.0;;;6665.5;0.0
-1;11700;JAMS;6666.0;264.0;;;;;6668;264;;;;;6667.0;0.0
-1;11800;JAMS;6666.0;186.0;;;;;6668;186;;;;;6667.0;0.0
-1;11900;JAMS;6665.0;261.0;;;;;6667;261;;;;;6666.0;0.0
-1;12000;JAMS;6666.0;207.0;;;;;6668;207;;;;;6667.0;0.0
-1;12100;JAMS;6667.0;57.0;6666.0;113.0;;;6668;57;6669.0;113.0;;;6667.5;0.0
-1;12200;JAMS;6667.0;76.0;6666.0;134.0;;;6668;76;6669.0;134.0;;;6667.5;0.0
-1;12300;JAMS;6663.0;230.0;;;;;6665;230;;;;;6664.0;0.0
-1;12400;JAMS;6663.0;274.0;;;;;6665;274;;;;;6664.0;0.0
-1;12500;JAMS;6664.0;239.0;;;;;6666;239;;;;;6665.0;0.0
-1;12600;JAMS;6665.0;81.0;6664.0;145.0;;;6666;81;6667.0;145.0;;;6665.5;0.0
-1;12700;JAMS;6665.0;191.0;;;;;6667;191;;;;;6666.0;0.0
-1;12800;JAMS;6666.0;98.0;6665.0;183.0;;;6667;98;6668.0;183.0;;;6666.5;0.0
-1;12900;JAMS;6666.0;66.0;6665.0;162.0;;;6667;66;6668.0;162.0;;;6666.5;0.0
-1;13000;JAMS;6666.0;78.0;6665.0;185.0;;;6667;78;6668.0;185.0;;;6666.5;0.0
-1;13100;JAMS;6667.0;260.0;;;;;6669;260;;;;;6668.0;0.0
-1;13200;JAMS;6665.0;272.0;;;;;6667;272;;;;;6666.0;0.0
-1;13300;JAMS;6664.0;185.0;;;;;6666;185;;;;;6665.0;0.0
-1;13400;JAMS;6664.0;229.0;;;;;6666;229;;;;;6665.0;0.0
-1;13500;JAMS;6665.0;196.0;;;;;6667;196;;;;;6666.0;0.0
-1;13600;JAMS;6665.0;172.0;;;;;6667;172;;;;;6666.0;0.0
-1;13700;JAMS;6666.0;69.0;6665.0;148.0;;;6667;69;6668.0;148.0;;;6666.5;0.0
-1;13800;JAMS;6666.0;99.0;6665.0;122.0;;;6667;99;6668.0;122.0;;;6666.5;0.0
-1;13900;JAMS;6666.0;90.0;6665.0;167.0;;;6667;90;6668.0;167.0;;;6666.5;0.0
-1;14000;JAMS;6666.0;54.0;6665.0;137.0;;;6667;54;6668.0;137.0;;;6666.5;0.0
-1;14100;JAMS;6666.0;215.0;;;;;6668;215;;;;;6667.0;0.0
-1;14200;JAMS;6666.0;59.0;6665.0;100.0;;;6667;59;6668.0;100.0;;;6666.5;0.0
-1;14300;JAMS;6666.0;223.0;;;;;6668;223;;;;;6667.0;0.0
-1;14400;JAMS;6665.0;170.0;;;;;6667;170;;;;;6666.0;0.0
-1;14500;JAMS;6666.0;73.0;6665.0;165.0;;;6667;63;6668.0;165.0;;;6666.5;0.0
-1;14600;JAMS;6667.0;244.0;;;;;6669;244;;;;;6668.0;0.0
-1;14700;JAMS;6666.0;201.0;;;;;6668;201;;;;;6667.0;0.0
-1;14800;JAMS;6666.0;219.0;;;;;6668;229;;;;;6667.0;0.0
-1;14900;JAMS;6667.0;220.0;;;;;6669;220;;;;;6668.0;0.0
-1;15000;JAMS;6667.0;252.0;;;;;6669;252;;;;;6668.0;0.0
-1;15100;JAMS;6667.0;73.0;6666.0;180.0;;;6668;73;6669.0;180.0;;;6667.5;0.0
-1;15200;JAMS;6667.0;269.0;;;;;6669;269;;;;;6668.0;0.0
-1;15300;JAMS;6667.0;200.0;;;;;6669;200;;;;;6668.0;0.0
-1;15400;JAMS;6667.0;223.0;;;;;6668;10;6669.0;223.0;;;6668.0;0.0
-1;15500;JAMS;6667.0;62.0;6666.0;152.0;;;6668;62;6669.0;152.0;;;6667.5;0.0
-1;15600;JAMS;6667.0;64.0;6666.0;166.0;;;6668;64;6669.0;166.0;;;6667.5;0.0
-1;15700;JAMS;6666.0;284.0;;;;;6668;284;;;;;6667.0;0.0
-1;15800;JAMS;6666.0;239.0;;;;;6668;239;;;;;6667.0;0.0
-1;15900;JAMS;6666.0;293.0;;;;;6668;293;;;;;6667.0;0.0
-1;16000;JAMS;6667.0;197.0;;;;;6669;197;;;;;6668.0;0.0
-1;16100;JAMS;6667.0;233.0;;;;;6669;233;;;;;6668.0;0.0
-1;16200;JAMS;6667.0;250.0;;;;;6669;250;;;;;6668.0;0.0
-1;16300;JAMS;6669.0;44.0;6668.0;157.0;;;6670;52;6671.0;157.0;;;6669.5;0.0
-1;16400;JAMS;6671.0;9.0;6670.0;257.0;;;6672;257;;;;;6671.0;0.0
-1;16500;JAMS;6671.0;97.0;6670.0;165.0;;;6672;97;6673.0;165.0;;;6671.5;0.0
-1;16600;JAMS;6669.0;72.0;6668.0;163.0;;;6670;72;6671.0;163.0;;;6669.5;0.0
-1;16700;JAMS;6669.0;82.0;6668.0;164.0;;;6670;82;6671.0;164.0;;;6669.5;0.0
-1;16800;JAMS;6669.0;72.0;6668.0;119.0;;;6670;72;6671.0;119.0;;;6669.5;0.0
-1;16900;JAMS;6669.0;93.0;6668.0;132.0;;;6670;93;6671.0;132.0;;;6669.5;0.0
-1;17000;JAMS;6669.0;277.0;;;;;6671;277;;;;;6670.0;0.0
-1;17100;JAMS;6670.0;176.0;;;;;6672;176;;;;;6671.0;0.0
-1;17200;JAMS;6670.0;182.0;;;;;6672;182;;;;;6671.0;0.0
-1;17300;JAMS;6670.0;228.0;;;;;6672;219;;;;;6671.0;0.0
-1;17400;JAMS;6671.0;8.0;6670.0;254.0;;;6672;254;;;;;6671.0;0.0
-1;17500;JAMS;6670.0;217.0;;;;;6672;217;;;;;6671.0;0.0
-1;17600;JAMS;6670.0;236.0;;;;;6672;236;;;;;6671.0;0.0
-1;17700;JAMS;6669.0;159.0;;;;;6671;159;;;;;6670.0;0.0
-1;17800;JAMS;6669.0;194.0;;;;;6671;194;;;;;6670.0;0.0
-1;17900;JAMS;6670.0;64.0;6669.0;114.0;;;6671;64;6672.0;114.0;;;6670.5;0.0
-1;18000;JAMS;6669.0;247.0;;;;;6671;247;;;;;6670.0;0.0
-1;18100;JAMS;6669.0;210.0;;;;;6671;210;;;;;6670.0;0.0
-1;18200;JAMS;6669.0;208.0;;;;;6671;208;;;;;6670.0;0.0
-1;18300;JAMS;6668.0;58.0;6667.0;145.0;;;6669;58;6670.0;145.0;;;6668.5;0.0
-1;18400;JAMS;6668.0;263.0;;;;;6670;263;;;;;6669.0;0.0
-1;18500;JAMS;6669.0;85.0;6668.0;132.0;;;6670;85;6671.0;132.0;;;6669.5;0.0
-1;18600;JAMS;6669.0;286.0;;;;;6671;286;;;;;6670.0;0.0
-1;18700;JAMS;6669.0;193.0;;;;;6671;193;;;;;6670.0;0.0
-1;18800;JAMS;6669.0;84.0;6668.0;196.0;;;6670;84;6671.0;196.0;;;6669.5;0.0
-1;18900;JAMS;6669.0;82.0;6668.0;107.0;;;6670;82;6671.0;107.0;;;6669.5;0.0
-1;19000;JAMS;6668.0;202.0;;;;;6670;202;;;;;6669.0;0.0
-1;19100;JAMS;6669.0;257.0;;;;;6671;257;;;;;6670.0;0.0
-1;19200;JAMS;6669.0;194.0;;;;;6671;200;;;;;6670.0;0.0
-1;19300;JAMS;6669.0;251.0;;;;;6671;251;;;;;6670.0;0.0
-1;19400;JAMS;6667.0;87.0;6666.0;107.0;;;6668;87;6669.0;107.0;;;6667.5;0.0
-1;19500;JAMS;6667.0;214.0;;;;;6669;214;;;;;6668.0;0.0
-1;19600;JAMS;6668.0;238.0;;;;;6670;238;;;;;6669.0;0.0
-1;19700;JAMS;6668.0;56.0;6667.0;173.0;;;6669;56;6670.0;173.0;;;6668.5;0.0
-1;19800;JAMS;6667.0;283.0;;;;;6669;283;;;;;6668.0;0.0
-1;19900;JAMS;6667.0;191.0;;;;;6669;191;;;;;6668.0;0.0
-1;20000;JAMS;6668.0;209.0;;;;;6670;209;;;;;6669.0;0.0
-1;20100;JAMS;6668.0;187.0;;;;;6670;187;;;;;6669.0;0.0
-1;20200;JAMS;6668.0;236.0;;;;;6670;236;;;;;6669.0;0.0
-1;20300;JAMS;6667.0;70.0;6666.0;187.0;;;6668;70;6669.0;187.0;;;6667.5;0.0
-1;20400;JAMS;6665.0;87.0;6664.0;189.0;;;6666;80;6667.0;189.0;;;6665.5;0.0
-1;20500;JAMS;6664.0;237.0;;;;;6666;237;;;;;6665.0;0.0
-1;20600;JAMS;6665.0;61.0;6664.0;109.0;;;6666;61;6667.0;109.0;;;6665.5;0.0
-1;20700;JAMS;6665.0;5.0;6664.0;194.0;;;6666;194;;;;;6665.0;0.0
-1;20800;JAMS;6664.0;253.0;;;;;6666;253;;;;;6665.0;0.0
-1;20900;JAMS;6664.0;63.0;6663.0;166.0;;;6665;63;6666.0;166.0;;;6664.5;0.0
-1;21000;JAMS;6663.0;196.0;;;;;6665;196;;;;;6664.0;0.0
-1;21100;JAMS;6663.0;203.0;;;;;6665;203;;;;;6664.0;0.0
-1;21200;JAMS;6663.0;255.0;;;;;6665;255;;;;;6664.0;0.0
-1;21300;JAMS;6663.0;208.0;;;;;6665;208;;;;;6664.0;0.0
-1;21400;JAMS;6663.0;87.0;6662.0;144.0;;;6664;87;6665.0;144.0;;;6663.5;0.0
-1;21500;JAMS;6663.0;226.0;;;;;6665;226;;;;;6664.0;0.0
-1;21600;JAMS;6663.0;71.0;6662.0;104.0;;;6664;71;6665.0;104.0;;;6663.5;0.0
-1;21700;JAMS;6662.0;230.0;;;;;6664;230;;;;;6663.0;0.0
-1;21800;JAMS;6662.0;161.0;;;;;6664;157;;;;;6663.0;0.0
-1;21900;JAMS;6662.0;249.0;;;;;6664;249;;;;;6663.0;0.0
-1;22000;JAMS;6662.0;166.0;;;;;6664;166;;;;;6663.0;0.0
-1;22100;JAMS;6662.0;204.0;;;;;6664;197;;;;;6663.0;0.0
-1;22200;JAMS;6662.0;214.0;;;;;6664;214;;;;;6663.0;0.0
-1;22300;JAMS;6662.0;84.0;6661.0;184.0;;;6663;84;6664.0;184.0;;;6662.5;0.0
-1;22400;JAMS;6661.0;275.0;;;;;6663;275;;;;;6662.0;0.0
-1;22500;JAMS;6661.0;184.0;;;;;6663;184;;;;;6662.0;0.0
-1;22600;JAMS;6661.0;217.0;;;;;6663;217;;;;;6662.0;0.0
-1;22700;JAMS;6662.0;55.0;6661.0;178.0;;;6663;55;6664.0;178.0;;;6662.5;0.0
-1;22800;JAMS;6662.0;271.0;;;;;6664;271;;;;;6663.0;0.0
-1;22900;JAMS;6662.0;272.0;;;;;6664;272;;;;;6663.0;0.0
-1;23000;JAMS;6662.0;217.0;;;;;6664;217;;;;;6663.0;0.0
-1;23100;JAMS;6663.0;60.0;6662.0;138.0;;;6664;55;6665.0;138.0;;;6663.5;0.0
-1;23200;JAMS;6663.0;71.0;6662.0;178.0;;;6664;71;6665.0;178.0;;;6663.5;0.0
-1;23300;JAMS;6662.0;221.0;;;;;6664;221;;;;;6663.0;0.0
-1;23400;JAMS;6662.0;231.0;;;;;6664;231;;;;;6663.0;0.0
-1;23500;JAMS;6662.0;282.0;;;;;6664;282;;;;;6663.0;0.0
-1;23600;JAMS;6663.0;58.0;6662.0;121.0;;;6664;58;6665.0;121.0;;;6663.5;0.0
-1;23700;JAMS;6663.0;241.0;;;;;6665;241;;;;;6664.0;0.0
-1;23800;JAMS;6663.0;264.0;;;;;6665;264;;;;;6664.0;0.0
-1;23900;JAMS;6663.0;81.0;6662.0;116.0;;;6664;81;6665.0;116.0;;;6663.5;0.0
-1;24000;JAMS;6662.0;209.0;;;;;6664;209;;;;;6663.0;0.0
-1;24100;JAMS;6662.0;248.0;;;;;6664;248;;;;;6663.0;0.0
-1;24200;JAMS;6662.0;220.0;;;;;6664;220;;;;;6663.0;0.0
-1;24300;JAMS;6662.0;211.0;;;;;6664;211;;;;;6663.0;0.0
-1;24400;JAMS;6662.0;214.0;;;;;6664;214;;;;;6663.0;0.0
-1;24500;JAMS;6661.0;247.0;;;;;6663;247;;;;;6662.0;0.0
-1;24600;JAMS;6662.0;238.0;;;;;6664;238;;;;;6663.0;0.0
-1;24700;JAMS;6662.0;70.0;6661.0;166.0;;;6663;70;6664.0;166.0;;;6662.5;0.0
-1;24800;JAMS;6662.0;222.0;;;;;6664;222;;;;;6663.0;0.0
-1;24900;JAMS;6665.0;90.0;6664.0;173.0;;;6666;90;6667.0;173.0;;;6665.5;0.0
-1;25000;JAMS;6664.0;207.0;;;;;6666;207;;;;;6665.0;0.0
-1;25100;JAMS;6664.0;185.0;;;;;6666;185;;;;;6665.0;0.0
-1;25200;JAMS;6664.0;206.0;;;;;6666;206;;;;;6665.0;0.0
-1;25300;JAMS;6664.0;232.0;;;;;6666;232;;;;;6665.0;0.0
-1;25400;JAMS;6663.0;246.0;;;;;6665;246;;;;;6664.0;0.0
-1;25500;JAMS;6664.0;189.0;;;;;6666;189;;;;;6665.0;0.0
-1;25600;JAMS;6664.0;80.0;6663.0;174.0;;;6665;80;6666.0;174.0;;;6664.5;0.0
-1;25700;JAMS;6663.0;274.0;;;;;6665;274;;;;;6664.0;0.0
-1;25800;JAMS;6664.0;60.0;6663.0;124.0;;;6665;60;6666.0;124.0;;;6664.5;0.0
-1;25900;JAMS;6665.0;239.0;;;;;6667;239;;;;;6666.0;0.0
-1;26000;JAMS;6665.0;99.0;6664.0;105.0;;;6666;99;6667.0;105.0;;;6665.5;0.0
-1;26100;JAMS;6665.0;205.0;;;;;6667;205;;;;;6666.0;0.0
-1;26200;JAMS;6665.0;215.0;;;;;6667;215;;;;;6666.0;0.0
-1;26300;JAMS;6664.0;182.0;;;;;6666;182;;;;;6665.0;0.0
-1;26400;JAMS;6664.0;223.0;;;;;6666;223;;;;;6665.0;0.0
-1;26500;JAMS;6663.0;238.0;;;;;6665;238;;;;;6664.0;0.0
-1;26600;JAMS;6663.0;203.0;;;;;6665;203;;;;;6664.0;0.0
-1;26700;JAMS;6664.0;71.0;6663.0;167.0;;;6665;71;6666.0;167.0;;;6664.5;0.0
-1;26800;JAMS;6664.0;180.0;;;;;6666;180;;;;;6665.0;0.0
-1;26900;JAMS;6664.0;179.0;;;;;6666;179;;;;;6665.0;0.0
-1;27000;JAMS;6664.0;169.0;;;;;6666;169;;;;;6665.0;0.0
-1;27100;JAMS;6664.0;213.0;;;;;6666;213;;;;;6665.0;0.0
-1;27200;JAMS;6664.0;99.0;6663.0;129.0;;;6665;99;6666.0;129.0;;;6664.5;0.0
-1;27300;JAMS;6664.0;89.0;6663.0;198.0;;;6665;89;6666.0;198.0;;;6664.5;0.0
-1;27400;JAMS;6663.0;219.0;;;;;6665;219;;;;;6664.0;0.0
-1;27500;JAMS;6664.0;221.0;;;;;6666;221;;;;;6665.0;0.0
-1;27600;JAMS;6664.0;254.0;;;;;6666;254;;;;;6665.0;0.0
-1;27700;JAMS;6665.0;95.0;6664.0;106.0;;;6666;95;6667.0;106.0;;;6665.5;0.0
-1;27800;JAMS;6665.0;96.0;6664.0;108.0;;;6666;96;6667.0;108.0;;;6665.5;0.0
-1;27900;JAMS;6665.0;83.0;6664.0;125.0;;;6666;83;6667.0;125.0;;;6665.5;0.0
-1;28000;JAMS;6665.0;164.0;;;;;6667;164;;;;;6666.0;0.0
-1;28100;JAMS;6665.0;58.0;6664.0;140.0;;;6666;70;6667.0;140.0;;;6665.5;0.0
-1;28200;JAMS;6665.0;94.0;6664.0;156.0;;;6666;94;6667.0;156.0;;;6665.5;0.0
-1;28300;JAMS;6665.0;86.0;6664.0;110.0;;;6666;86;6667.0;110.0;;;6665.5;0.0
-1;28400;JAMS;6665.0;186.0;;;;;6667;186;;;;;6666.0;0.0
-1;28500;JAMS;6666.0;12.0;6665.0;203.0;;;6667;203;;;;;6666.0;0.0
-1;28600;JAMS;6665.0;287.0;;;;;6667;287;;;;;6666.0;0.0
-1;28700;JAMS;6665.0;212.0;;;;;6667;212;;;;;6666.0;0.0
-1;28800;JAMS;6660.0;259.0;;;;;6662;259;;;;;6661.0;0.0
-1;28900;JAMS;6662.0;246.0;;;;;6664;246;;;;;6663.0;0.0
-1;29000;JAMS;6663.0;222.0;;;;;6665;222;;;;;6664.0;0.0
-1;29100;JAMS;6663.0;243.0;;;;;6665;243;;;;;6664.0;0.0
-1;29200;JAMS;6664.0;238.0;;;;;6666;238;;;;;6665.0;0.0
-1;29300;JAMS;6664.0;225.0;;;;;6666;225;;;;;6665.0;0.0
-1;29400;JAMS;6666.0;51.0;6665.0;121.0;;;6667;54;6668.0;121.0;;;6666.5;0.0
-1;29500;JAMS;6665.0;224.0;;;;;6667;224;;;;;6666.0;0.0
-1;29600;JAMS;6665.0;185.0;;;;;6667;185;;;;;6666.0;0.0
-1;29700;JAMS;6666.0;239.0;;;;;6668;239;;;;;6667.0;0.0
-1;29800;JAMS;6666.0;208.0;;;;;6668;208;;;;;6667.0;0.0
-1;29900;JAMS;6667.0;93.0;6666.0;193.0;;;6668;93;6669.0;193.0;;;6667.5;0.0
-1;30000;JAMS;6667.0;180.0;;;;;6669;180;;;;;6668.0;0.0
-1;30100;JAMS;6667.0;68.0;6666.0;180.0;;;6668;62;6669.0;180.0;;;6667.5;0.0
-1;30200;JAMS;6667.0;244.0;;;;;6669;244;;;;;6668.0;0.0
-1;30300;JAMS;6667.0;232.0;;;;;6668;5;6669.0;232.0;;;6668.0;0.0
-1;30400;JAMS;6668.0;78.0;6667.0;173.0;;;6669;78;6670.0;173.0;;;6668.5;0.0
-1;30500;JAMS;6668.0;226.0;;;;;6670;226;;;;;6669.0;0.0
-1;30600;JAMS;6668.0;209.0;;;;;6670;209;;;;;6669.0;0.0
-1;30700;JAMS;6669.0;243.0;;;;;6671;243;;;;;6670.0;0.0
-1;30800;JAMS;6668.0;233.0;;;;;6670;233;;;;;6669.0;0.0
-1;30900;JAMS;6668.0;226.0;;;;;6670;226;;;;;6669.0;0.0
-1;31000;JAMS;6669.0;233.0;;;;;6671;233;;;;;6670.0;0.0
-1;31100;JAMS;6669.0;90.0;6668.0;112.0;;;6670;90;6671.0;112.0;;;6669.5;0.0
-1;31200;JAMS;6669.0;64.0;6668.0;117.0;;;6670;64;6671.0;117.0;;;6669.5;0.0
-1;31300;JAMS;6669.0;54.0;6668.0;198.0;;;6670;54;6671.0;198.0;;;6669.5;0.0
-1;31400;JAMS;6668.0;233.0;;;;;6670;233;;;;;6669.0;0.0
-1;31500;JAMS;6668.0;252.0;;;;;6670;252;;;;;6669.0;0.0
-1;31600;JAMS;6669.0;191.0;;;;;6671;191;;;;;6670.0;0.0
-1;31700;JAMS;6670.0;286.0;;;;;6672;286;;;;;6671.0;0.0
-1;31800;JAMS;6670.0;273.0;;;;;6672;273;;;;;6671.0;0.0
-1;31900;JAMS;6671.0;4.0;6670.0;189.0;;;6672;189;;;;;6671.0;0.0
-1;32000;JAMS;6670.0;215.0;;;;;6672;215;;;;;6671.0;0.0
-1;32100;JAMS;6671.0;51.0;6670.0;122.0;;;6672;51;6673.0;122.0;;;6671.5;0.0
-1;32200;JAMS;6671.0;69.0;6670.0;186.0;;;6672;69;6673.0;186.0;;;6671.5;0.0
-1;32300;JAMS;6670.0;200.0;;;;;6672;200;;;;;6671.0;0.0
-1;32400;JAMS;6672.0;5.0;6671.0;275.0;;;6673;275;;;;;6672.0;0.0
-1;32500;JAMS;6671.0;71.0;6670.0;164.0;;;6672;71;6673.0;164.0;;;6671.5;0.0
-1;32600;JAMS;6670.0;202.0;;;;;6672;202;;;;;6671.0;0.0
-1;32700;JAMS;6670.0;199.0;;;;;6672;199;;;;;6671.0;0.0
-1;32800;JAMS;6670.0;250.0;;;;;6672;250;;;;;6671.0;0.0
-1;32900;JAMS;6669.0;200.0;;;;;6671;200;;;;;6670.0;0.0
-1;33000;JAMS;6669.0;187.0;;;;;6671;187;;;;;6670.0;0.0
-1;33100;JAMS;6670.0;94.0;6669.0;166.0;;;6671;85;6672.0;166.0;;;6670.5;0.0
-1;33200;JAMS;6670.0;52.0;6669.0;151.0;;;6671;52;6672.0;151.0;;;6670.5;0.0
-1;33300;JAMS;6670.0;82.0;6669.0;149.0;;;6671;82;6672.0;149.0;;;6670.5;0.0
-1;33400;JAMS;6670.0;194.0;;;;;6672;194;;;;;6671.0;0.0
-1;33500;JAMS;6669.0;266.0;;;;;6671;266;;;;;6670.0;0.0
-1;33600;JAMS;6669.0;187.0;;;;;6671;187;;;;;6670.0;0.0
-1;33700;JAMS;6669.0;84.0;6668.0;185.0;;;6670;84;6671.0;185.0;;;6669.5;0.0
-1;33800;JAMS;6669.0;74.0;6668.0;155.0;;;6670;74;6671.0;155.0;;;6669.5;0.0
-1;33900;JAMS;6669.0;63.0;6668.0;132.0;;;6670;63;6671.0;132.0;;;6669.5;0.0
-1;34000;JAMS;6669.0;61.0;6668.0;136.0;;;6670;61;6671.0;136.0;;;6669.5;0.0
-1;34100;JAMS;6669.0;196.0;;;;;6671;196;;;;;6670.0;0.0
-1;34200;JAMS;6670.0;85.0;6669.0;161.0;;;6671;85;6672.0;161.0;;;6670.5;0.0
-1;34300;JAMS;6669.0;77.0;6668.0;102.0;;;6670;77;6671.0;102.0;;;6669.5;0.0
-1;34400;JAMS;6669.0;191.0;;;;;6671;191;;;;;6670.0;0.0
-1;34500;JAMS;6669.0;199.0;;;;;6671;199;;;;;6670.0;0.0
-1;34600;JAMS;6670.0;236.0;;;;;6672;236;;;;;6671.0;0.0
-1;34700;JAMS;6670.0;164.0;;;;;6672;164;;;;;6671.0;0.0
-1;34800;JAMS;6670.0;224.0;;;;;6672;224;;;;;6671.0;0.0
-1;34900;JAMS;6670.0;202.0;;;;;6672;202;;;;;6671.0;0.0
-1;35000;JAMS;6670.0;286.0;;;;;6672;286;;;;;6671.0;0.0
-1;35100;JAMS;6669.0;190.0;;;;;6671;185;;;;;6670.0;0.0
-1;35200;JAMS;6669.0;97.0;6668.0;168.0;;;6670;97;6671.0;168.0;;;6669.5;0.0
-1;35300;JAMS;6669.0;189.0;;;;;6671;189;;;;;6670.0;0.0
-1;35400;JAMS;6669.0;287.0;;;;;6671;287;;;;;6670.0;0.0
-1;35500;JAMS;6669.0;189.0;;;;;6671;189;;;;;6670.0;0.0
-1;35600;JAMS;6670.0;7.0;6669.0;269.0;;;6671;269;;;;;6670.0;0.0
-1;35700;JAMS;6670.0;95.0;6669.0;153.0;;;6671;95;6672.0;153.0;;;6670.5;0.0
-1;35800;JAMS;6670.0;57.0;6669.0;154.0;;;6671;57;6672.0;154.0;;;6670.5;0.0
-1;35900;JAMS;6669.0;166.0;;;;;6671;166;;;;;6670.0;0.0
-1;36000;JAMS;6669.0;176.0;;;;;6671;176;;;;;6670.0;0.0
-1;36100;JAMS;6670.0;65.0;6669.0;144.0;;;6671;65;6672.0;144.0;;;6670.5;0.0
-1;36200;JAMS;6670.0;217.0;;;;;6672;211;;;;;6671.0;0.0
-1;36300;JAMS;6670.0;216.0;;;;;6672;216;;;;;6671.0;0.0
-1;36400;JAMS;6670.0;210.0;;;;;6672;210;;;;;6671.0;0.0
-1;36500;JAMS;6670.0;240.0;;;;;6672;240;;;;;6671.0;0.0
-1;36600;JAMS;6670.0;226.0;;;;;6672;226;;;;;6671.0;0.0
-1;36700;JAMS;6671.0;56.0;6670.0;158.0;;;6672;56;6673.0;158.0;;;6671.5;0.0
-1;36800;JAMS;6671.0;95.0;6670.0;196.0;;;6672;95;6673.0;196.0;;;6671.5;0.0
-1;36900;JAMS;6670.0;216.0;;;;;6672;216;;;;;6671.0;0.0
-1;37000;JAMS;6671.0;84.0;6670.0;101.0;;;6672;89;6673.0;101.0;;;6671.5;0.0
-1;37100;JAMS;6671.0;52.0;6670.0;151.0;;;6672;52;6673.0;151.0;;;6671.5;0.0
-1;37200;JAMS;6670.0;265.0;;;;;6672;265;;;;;6671.0;0.0
-1;37300;JAMS;6670.0;201.0;;;;;6672;201;;;;;6671.0;0.0
-1;37400;JAMS;6670.0;218.0;;;;;6672;218;;;;;6671.0;0.0
-1;37500;JAMS;6670.0;95.0;6669.0;156.0;;;6671;95;6672.0;156.0;;;6670.5;0.0
-1;37600;JAMS;6670.0;231.0;;;;;6672;231;;;;;6671.0;0.0
-1;37700;JAMS;6670.0;248.0;;;;;6672;248;;;;;6671.0;0.0
-1;37800;JAMS;6671.0;242.0;;;;;6673;238;;;;;6672.0;0.0
-1;37900;JAMS;6671.0;89.0;6670.0;130.0;;;6672;89;6673.0;130.0;;;6671.5;0.0
-1;38000;JAMS;6671.0;73.0;6670.0;117.0;;;6672;73;6673.0;117.0;;;6671.5;0.0
-1;38100;JAMS;6671.0;211.0;;;;;6673;211;;;;;6672.0;0.0
-1;38200;JAMS;6671.0;104.0;6670.0;132.0;;;6672;99;6673.0;132.0;;;6671.5;0.0
-1;38300;JAMS;6671.0;80.0;6670.0;106.0;;;6672;80;6673.0;106.0;;;6671.5;0.0
-1;38400;JAMS;6671.0;8.0;6670.0;242.0;;;6672;242;;;;;6671.0;0.0
-1;38500;JAMS;6670.0;169.0;;;;;6672;169;;;;;6671.0;0.0
-1;38600;JAMS;6670.0;185.0;;;;;6672;185;;;;;6671.0;0.0
-1;38700;JAMS;6670.0;179.0;;;;;6671;3;6672.0;179.0;;;6671.0;0.0
-1;38800;JAMS;6671.0;94.0;6670.0;116.0;;;6672;94;6673.0;116.0;;;6671.5;0.0
-1;38900;JAMS;6671.0;50.0;6670.0;153.0;;;6672;50;6673.0;153.0;;;6671.5;0.0
-1;39000;JAMS;6671.0;215.0;;;;;6673;215;;;;;6672.0;0.0
-1;39100;JAMS;6671.0;251.0;;;;;6673;251;;;;;6672.0;0.0
-1;39200;JAMS;6671.0;215.0;;;;;6673;215;;;;;6672.0;0.0
-1;39300;JAMS;6671.0;50.0;6670.0;185.0;;;6672;50;6673.0;185.0;;;6671.5;0.0
-1;39400;JAMS;6671.0;243.0;;;;;6673;243;;;;;6672.0;0.0
-1;39500;JAMS;6671.0;250.0;;;;;6673;250;;;;;6672.0;0.0
-1;39600;JAMS;6671.0;227.0;;;;;6673;227;;;;;6672.0;0.0
-1;39700;JAMS;6672.0;50.0;6671.0;188.0;;;6673;50;6674.0;188.0;;;6672.5;0.0
-1;39800;JAMS;6671.0;167.0;;;;;6673;167;;;;;6672.0;0.0
-1;39900;JAMS;6671.0;227.0;;;;;6673;227;;;;;6672.0;0.0
-1;40000;JAMS;6671.0;181.0;;;;;6673;181;;;;;6672.0;0.0
-1;40100;JAMS;6670.0;240.0;;;;;6672;240;;;;;6671.0;0.0
-1;40200;JAMS;6670.0;169.0;;;;;6672;169;;;;;6671.0;0.0
-1;40300;JAMS;6670.0;98.0;6669.0;101.0;;;6671;98;6672.0;101.0;;;6670.5;0.0
-1;40400;JAMS;6670.0;69.0;6669.0;172.0;;;6671;69;6672.0;172.0;;;6670.5;0.0
-1;40500;JAMS;6670.0;93.0;6669.0;162.0;;;6671;93;6672.0;162.0;;;6670.5;0.0
-1;40600;JAMS;6669.0;228.0;;;;;6671;228;;;;;6670.0;0.0
-1;40700;JAMS;6669.0;263.0;;;;;6671;263;;;;;6670.0;0.0
-1;40800;JAMS;6670.0;78.0;6669.0;182.0;;;6671;88;6672.0;182.0;;;6670.5;0.0
-1;40900;JAMS;6670.0;62.0;6669.0;125.0;;;6671;62;6672.0;125.0;;;6670.5;0.0
-1;41000;JAMS;6670.0;68.0;6669.0;197.0;;;6671;68;6672.0;197.0;;;6670.5;0.0
-1;41100;JAMS;6670.0;229.0;;;;;6672;229;;;;;6671.0;0.0
-1;41200;JAMS;6669.0;219.0;;;;;6671;219;;;;;6670.0;0.0
-1;41300;JAMS;6669.0;223.0;;;;;6671;223;;;;;6670.0;0.0
-1;41400;JAMS;6669.0;222.0;;;;;6671;222;;;;;6670.0;0.0
-1;41500;JAMS;6669.0;216.0;;;;;6671;216;;;;;6670.0;0.0
-1;41600;JAMS;6669.0;288.0;;;;;6671;288;;;;;6670.0;0.0
-1;41700;JAMS;6669.0;240.0;;;;;6671;240;;;;;6670.0;0.0
-1;41800;JAMS;6668.0;162.0;;;;;6670;162;;;;;6669.0;0.0
-1;41900;JAMS;6668.0;195.0;;;;;6670;195;;;;;6669.0;0.0
-1;42000;JAMS;6667.0;96.0;6666.0;151.0;;;6668;96;6669.0;151.0;;;6667.5;0.0
-1;42100;JAMS;6667.0;67.0;6666.0;143.0;;;6668;67;6669.0;143.0;;;6667.5;0.0
-1;42200;JAMS;6667.0;60.0;6666.0;160.0;;;6668;60;6669.0;160.0;;;6667.5;0.0
-1;42300;JAMS;6665.0;184.0;;;;;6667;184;;;;;6666.0;0.0
-1;42400;JAMS;6665.0;76.0;6664.0;156.0;;;6666;76;6667.0;156.0;;;6665.5;0.0
-1;42500;JAMS;6663.0;176.0;;;;;6665;176;;;;;6664.0;0.0
-1;42600;JAMS;6664.0;60.0;6663.0;157.0;;;6665;60;6666.0;157.0;;;6664.5;0.0
-1;42700;JAMS;6664.0;76.0;6663.0;153.0;;;6665;76;6666.0;153.0;;;6664.5;0.0
-1;42800;JAMS;6664.0;212.0;;;;;6666;212;;;;;6665.0;0.0
-1;42900;JAMS;6664.0;184.0;;;;;6666;184;;;;;6665.0;0.0
-1;43000;JAMS;6665.0;59.0;6664.0;113.0;;;6666;59;6667.0;113.0;;;6665.5;0.0
-1;43100;JAMS;6664.0;193.0;;;;;6666;193;;;;;6665.0;0.0
-1;43200;JAMS;6665.0;48.0;6664.0;131.0;;;6666;54;6667.0;131.0;;;6665.5;0.0
-1;43300;JAMS;6665.0;59.0;6664.0;172.0;;;6666;59;6667.0;172.0;;;6665.5;0.0
-1;43400;JAMS;6664.0;244.0;;;;;6666;244;;;;;6665.0;0.0
-1;43500;JAMS;6664.0;182.0;;;;;6666;182;;;;;6665.0;0.0
-1;43600;JAMS;6664.0;207.0;;;;;6666;207;;;;;6665.0;0.0
-1;43700;JAMS;6665.0;95.0;6664.0;112.0;;;6666;95;6667.0;112.0;;;6665.5;0.0
-1;43800;JAMS;6665.0;88.0;6664.0;106.0;;;6666;88;6667.0;106.0;;;6665.5;0.0
-1;43900;JAMS;6666.0;68.0;6665.0;179.0;;;6667;68;6668.0;179.0;;;6666.5;0.0
-1;44000;JAMS;6666.0;260.0;;;;;6668;260;;;;;6667.0;0.0
-1;44100;JAMS;6666.0;251.0;;;;;6668;263;;;;;6667.0;0.0
-1;44200;JAMS;6666.0;187.0;;;;;6668;187;;;;;6667.0;0.0
-1;44300;JAMS;6665.0;245.0;;;;;6667;245;;;;;6666.0;0.0
-1;44400;JAMS;6665.0;212.0;;;;;6667;212;;;;;6666.0;0.0
-1;44500;JAMS;6665.0;230.0;;;;;6667;230;;;;;6666.0;0.0
-1;44600;JAMS;6665.0;181.0;;;;;6667;181;;;;;6666.0;0.0
-1;44700;JAMS;6665.0;218.0;;;;;6667;218;;;;;6666.0;0.0
-1;44800;JAMS;6665.0;283.0;;;;;6667;283;;;;;6666.0;0.0
-1;44900;JAMS;6666.0;77.0;6665.0;156.0;;;6667;77;6668.0;156.0;;;6666.5;0.0
-1;45000;JAMS;6666.0;197.0;;;;;6668;197;;;;;6667.0;0.0
-1;45100;JAMS;6667.0;233.0;;;;;6669;233;;;;;6668.0;0.0
-1;45200;JAMS;6667.0;67.0;6666.0;128.0;;;6668;67;6669.0;128.0;;;6667.5;0.0
-1;45300;JAMS;6667.0;252.0;;;;;6669;252;;;;;6668.0;0.0
-1;45400;JAMS;6668.0;86.0;6667.0;180.0;;;6669;86;6670.0;180.0;;;6668.5;0.0
-1;45500;JAMS;6670.0;80.0;6669.0;145.0;;;6671;80;6672.0;145.0;;;6670.5;0.0
-1;45600;JAMS;6670.0;74.0;6669.0;158.0;;;6671;74;6672.0;158.0;;;6670.5;0.0
-1;45700;JAMS;6669.0;255.0;;;;;6671;255;;;;;6670.0;0.0
-1;45800;JAMS;6670.0;260.0;;;;;6672;260;;;;;6671.0;0.0
-1;45900;JAMS;6670.0;58.0;6669.0;101.0;;;6671;58;6672.0;101.0;;;6670.5;0.0
-1;46000;JAMS;6670.0;214.0;;;;;6672;214;;;;;6671.0;0.0
-1;46100;JAMS;6670.0;237.0;;;;;6672;237;;;;;6671.0;0.0
-1;46200;JAMS;6671.0;184.0;;;;;6673;184;;;;;6672.0;0.0
-1;46300;JAMS;6670.0;220.0;;;;;6672;220;;;;;6671.0;0.0
-1;46400;JAMS;6670.0;97.0;6669.0;106.0;;;6671;97;6672.0;106.0;;;6670.5;0.0
-1;46500;JAMS;6672.0;222.0;;;;;6674;222;;;;;6673.0;0.0
-1;46600;JAMS;6674.0;223.0;;;;;6676;223;;;;;6675.0;0.0
-1;46700;JAMS;6674.0;210.0;;;;;6676;210;;;;;6675.0;0.0
-1;46800;JAMS;6675.0;91.0;6674.0;188.0;;;6676;91;6677.0;188.0;;;6675.5;0.0
-1;46900;JAMS;6675.0;93.0;6674.0;143.0;;;6676;93;6677.0;143.0;;;6675.5;0.0
-1;47000;JAMS;6675.0;177.0;;;;;6677;177;;;;;6676.0;0.0
-1;47100;JAMS;6676.0;242.0;;;;;6678;242;;;;;6677.0;0.0
-1;47200;JAMS;6675.0;254.0;;;;;6677;254;;;;;6676.0;0.0
-1;47300;JAMS;6675.0;200.0;;;;;6677;207;;;;;6676.0;0.0
-1;47400;JAMS;6675.0;234.0;;;;;6677;234;;;;;6676.0;0.0
-1;47500;JAMS;6675.0;252.0;;;;;6677;252;;;;;6676.0;0.0
-1;47600;JAMS;6675.0;96.0;6674.0;142.0;;;6676;96;6677.0;142.0;;;6675.5;0.0
-1;47700;JAMS;6674.0;235.0;;;;;6676;235;;;;;6675.0;0.0
-1;47800;JAMS;6674.0;223.0;;;;;6676;223;;;;;6675.0;0.0
-1;47900;JAMS;6673.0;81.0;6672.0;133.0;;;6674;81;6675.0;133.0;;;6673.5;0.0
-1;48000;JAMS;6673.0;238.0;;;;;6675;238;;;;;6674.0;0.0
-1;48100;JAMS;6673.0;269.0;;;;;6675;269;;;;;6674.0;0.0
-1;48200;JAMS;6674.0;191.0;;;;;6676;187;;;;;6675.0;0.0
-1;48300;JAMS;6674.0;8.0;6673.0;211.0;;;6675;211;;;;;6674.0;0.0
-1;48400;JAMS;6674.0;64.0;6673.0;107.0;;;6675;64;6676.0;107.0;;;6674.5;0.0
-1;48500;JAMS;6674.0;92.0;6673.0;192.0;;;6675;92;6676.0;192.0;;;6674.5;0.0
-1;48600;JAMS;6675.0;76.0;6674.0;106.0;;;6676;76;6677.0;106.0;;;6675.5;0.0
-1;48700;JAMS;6674.0;266.0;;;;;6676;266;;;;;6675.0;0.0
-1;48800;JAMS;6675.0;80.0;6674.0;174.0;;;6676;80;6677.0;174.0;;;6675.5;0.0
-1;48900;JAMS;6674.0;256.0;;;;;6676;256;;;;;6675.0;0.0
-1;49000;JAMS;6674.0;241.0;;;;;6676;241;;;;;6675.0;0.0
-1;49100;JAMS;6675.0;72.0;6674.0;196.0;;;6676;72;6677.0;196.0;;;6675.5;0.0
-1;49200;JAMS;6674.0;182.0;;;;;6676;182;;;;;6675.0;0.0
-1;49300;JAMS;6675.0;54.0;6674.0;133.0;;;6676;54;6677.0;133.0;;;6675.5;0.0
-1;49400;JAMS;6675.0;64.0;6674.0;195.0;;;6676;64;6677.0;195.0;;;6675.5;0.0
-1;49500;JAMS;6674.0;72.0;6673.0;170.0;;;6675;67;6676.0;170.0;;;6674.5;0.0
-1;49600;JAMS;6673.0;62.0;6672.0;106.0;;;6674;62;6675.0;106.0;;;6673.5;0.0
-1;49700;JAMS;6678.0;174.0;;;;;6680;174;;;;;6679.0;0.0
-1;49800;JAMS;6679.0;203.0;;;;;6681;203;;;;;6680.0;0.0
-1;49900;JAMS;6679.0;192.0;;;;;6681;182;;;;;6680.0;0.0
-1;50000;JAMS;6679.0;201.0;;;;;6681;201;;;;;6680.0;0.0
-1;50100;JAMS;6679.0;224.0;;;;;6681;224;;;;;6680.0;0.0
-1;50200;JAMS;6679.0;87.0;6678.0;160.0;;;6680;87;6681.0;160.0;;;6679.5;0.0
-1;50300;JAMS;6679.0;175.0;;;;;6681;180;;;;;6680.0;0.0
-1;50400;JAMS;6680.0;78.0;6679.0;140.0;;;6681;78;6682.0;140.0;;;6680.5;0.0
-1;50500;JAMS;6679.0;175.0;;;;;6681;175;;;;;6680.0;0.0
-1;50600;JAMS;6680.0;54.0;6679.0;179.0;;;6681;54;6682.0;179.0;;;6680.5;0.0
-1;50700;JAMS;6680.0;232.0;;;;;6682;232;;;;;6681.0;0.0
-1;50800;JAMS;6680.0;266.0;;;;;6682;266;;;;;6681.0;0.0
-1;50900;JAMS;6681.0;89.0;6680.0;165.0;;;6682;89;6683.0;165.0;;;6681.5;0.0
-1;51000;JAMS;6680.0;197.0;;;;;6682;197;;;;;6681.0;0.0
-1;51100;JAMS;6681.0;60.0;6680.0;103.0;;;6682;60;6683.0;103.0;;;6681.5;0.0
-1;51200;JAMS;6681.0;71.0;6680.0;114.0;;;6682;60;6683.0;114.0;;;6681.5;0.0
-1;51300;JAMS;6681.0;75.0;6680.0;176.0;;;6682;75;6683.0;176.0;;;6681.5;0.0
-1;51400;JAMS;6681.0;165.0;;;;;6683;165;;;;;6682.0;0.0
-1;51500;JAMS;6681.0;230.0;;;;;6683;230;;;;;6682.0;0.0
-1;51600;JAMS;6680.0;246.0;;;;;6682;246;;;;;6681.0;0.0
-1;51700;JAMS;6679.0;193.0;;;;;6681;193;;;;;6680.0;0.0
-1;51800;JAMS;6679.0;79.0;6678.0;195.0;;;6680;79;6681.0;195.0;;;6679.5;0.0
-1;51900;JAMS;6679.0;210.0;;;;;6681;210;;;;;6680.0;0.0
-1;52000;JAMS;6679.0;203.0;;;;;6681;203;;;;;6680.0;0.0
-1;52100;JAMS;6679.0;270.0;;;;;6681;265;;;;;6680.0;0.0
-1;52200;JAMS;6678.0;254.0;;;;;6680;254;;;;;6679.0;0.0
-1;52300;JAMS;6678.0;247.0;;;;;6680;247;;;;;6679.0;0.0
-1;52400;JAMS;6678.0;298.0;;;;;6680;298;;;;;6679.0;0.0
-1;52500;JAMS;6678.0;196.0;;;;;6680;196;;;;;6679.0;0.0
-1;52600;JAMS;6677.0;205.0;;;;;6679;205;;;;;6678.0;0.0
-1;52700;JAMS;6677.0;209.0;;;;;6679;209;;;;;6678.0;0.0
-1;52800;JAMS;6677.0;228.0;;;;;6679;228;;;;;6678.0;0.0
-1;52900;JAMS;6677.0;208.0;;;;;6679;208;;;;;6678.0;0.0
-1;53000;JAMS;6676.0;80.0;6675.0;195.0;;;6677;71;6678.0;195.0;;;6676.5;0.0
-1;53100;JAMS;6674.0;229.0;;;;;6676;229;;;;;6675.0;0.0
-1;53200;JAMS;6675.0;11.0;6674.0;241.0;;;6676;241;;;;;6675.0;0.0
-1;53300;JAMS;6674.0;256.0;;;;;6676;256;;;;;6675.0;0.0
-1;53400;JAMS;6674.0;230.0;;;;;6676;230;;;;;6675.0;0.0
-1;53500;JAMS;6674.0;206.0;;;;;6676;206;;;;;6675.0;0.0
-1;53600;JAMS;6674.0;267.0;;;;;6676;267;;;;;6675.0;0.0
-1;53700;JAMS;6675.0;162.0;;;;;6677;162;;;;;6676.0;0.0
-1;53800;JAMS;6675.0;248.0;;;;;6677;248;;;;;6676.0;0.0
-1;53900;JAMS;6675.0;194.0;;;;;6677;194;;;;;6676.0;0.0
-1;54000;JAMS;6675.0;180.0;;;;;6677;180;;;;;6676.0;0.0
-1;54100;JAMS;6675.0;219.0;;;;;6677;219;;;;;6676.0;0.0
-1;54200;JAMS;6675.0;209.0;;;;;6677;218;;;;;6676.0;0.0
-1;54300;JAMS;6675.0;211.0;;;;;6677;211;;;;;6676.0;0.0
-1;54400;JAMS;6676.0;214.0;;;;;6678;214;;;;;6677.0;0.0
-1;54500;JAMS;6676.0;237.0;;;;;6678;237;;;;;6677.0;0.0
-1;54600;JAMS;6676.0;61.0;6675.0;116.0;;;6677;61;6678.0;116.0;;;6676.5;0.0
-1;54700;JAMS;6675.0;253.0;;;;;6677;253;;;;;6676.0;0.0
-1;54800;JAMS;6675.0;265.0;;;;;6677;265;;;;;6676.0;0.0
-1;54900;JAMS;6675.0;178.0;;;;;6677;178;;;;;6676.0;0.0
-1;55000;JAMS;6675.0;273.0;;;;;6677;273;;;;;6676.0;0.0
-1;55100;JAMS;6675.0;231.0;;;;;6677;231;;;;;6676.0;0.0
-1;55200;JAMS;6673.0;173.0;;;;;6675;173;;;;;6674.0;0.0
-1;55300;JAMS;6673.0;173.0;;;;;6675;173;;;;;6674.0;0.0
-1;55400;JAMS;6673.0;251.0;;;;;6675;251;;;;;6674.0;0.0
-1;55500;JAMS;6675.0;53.0;6674.0;179.0;;;6676;53;6677.0;179.0;;;6675.5;0.0
-1;55600;JAMS;6675.0;282.0;;;;;6677;282;;;;;6676.0;0.0
-1;55700;JAMS;6674.0;272.0;;;;;6676;272;;;;;6675.0;0.0
-1;55800;JAMS;6674.0;259.0;;;;;6676;259;;;;;6675.0;0.0
-1;55900;JAMS;6674.0;240.0;;;;;6676;240;;;;;6675.0;0.0
-1;56000;JAMS;6674.0;262.0;;;;;6676;262;;;;;6675.0;0.0
-1;56100;JAMS;6674.0;190.0;;;;;6676;190;;;;;6675.0;0.0
-1;56200;JAMS;6672.0;186.0;;;;;6674;186;;;;;6673.0;0.0
-1;56300;JAMS;6673.0;241.0;;;;;6675;241;;;;;6674.0;0.0
-1;56400;JAMS;6674.0;69.0;6673.0;186.0;;;6675;69;6676.0;186.0;;;6674.5;0.0
-1;56500;JAMS;6674.0;75.0;6673.0;155.0;;;6675;75;6676.0;155.0;;;6674.5;0.0
-1;56600;JAMS;6673.0;256.0;;;;;6675;256;;;;;6674.0;0.0
-1;56700;JAMS;6674.0;5.0;6673.0;249.0;;;6675;249;;;;;6674.0;0.0
-1;56800;JAMS;6674.0;264.0;;;;;6676;264;;;;;6675.0;0.0
-1;56900;JAMS;6674.0;184.0;;;;;6676;184;;;;;6675.0;0.0
-1;57000;JAMS;6674.0;252.0;;;;;6676;252;;;;;6675.0;0.0
-1;57100;JAMS;6674.0;177.0;;;;;6676;177;;;;;6675.0;0.0
-1;57200;JAMS;6674.0;256.0;;;;;6676;256;;;;;6675.0;0.0
-1;57300;JAMS;6673.0;216.0;;;;;6675;216;;;;;6674.0;0.0
-1;57400;JAMS;6673.0;224.0;;;;;6675;224;;;;;6674.0;0.0
-1;57500;JAMS;6673.0;204.0;;;;;6675;204;;;;;6674.0;0.0
-1;57600;JAMS;6673.0;276.0;;;;;6675;276;;;;;6674.0;0.0
-1;57700;JAMS;6674.0;71.0;6673.0;116.0;;;6675;71;6676.0;116.0;;;6674.5;0.0
-1;57800;JAMS;6674.0;246.0;;;;;6676;246;;;;;6675.0;0.0
-1;57900;JAMS;6674.0;250.0;;;;;6676;250;;;;;6675.0;0.0
-1;58000;JAMS;6675.0;218.0;;;;;6677;218;;;;;6676.0;0.0
-1;58100;JAMS;6676.0;8.0;6675.0;247.0;;;6677;247;;;;;6676.0;0.0
-1;58200;JAMS;6673.0;214.0;;;;;6675;214;;;;;6674.0;0.0
-1;58300;JAMS;6674.0;236.0;;;;;6676;236;;;;;6675.0;0.0
-1;58400;JAMS;6674.0;247.0;;;;;6676;247;;;;;6675.0;0.0
-1;58500;JAMS;6673.0;213.0;;;;;6675;213;;;;;6674.0;0.0
-1;58600;JAMS;6673.0;191.0;;;;;6675;191;;;;;6674.0;0.0
-1;58700;JAMS;6673.0;268.0;;;;;6675;268;;;;;6674.0;0.0
-1;58800;JAMS;6674.0;89.0;6673.0;197.0;;;6675;89;6676.0;197.0;;;6674.5;0.0
-1;58900;JAMS;6674.0;38.0;6673.0;154.0;;;6675;50;6676.0;154.0;;;6674.5;0.0
-1;59000;JAMS;6674.0;226.0;;;;;6676;226;;;;;6675.0;0.0
-1;59100;JAMS;6674.0;203.0;;;;;6676;203;;;;;6675.0;0.0
-1;59200;JAMS;6674.0;68.0;6673.0;152.0;;;6675;68;6676.0;152.0;;;6674.5;0.0
-1;59300;JAMS;6674.0;225.0;;;;;6676;225;;;;;6675.0;0.0
-1;59400;JAMS;6674.0;225.0;;;;;6676;225;;;;;6675.0;0.0
-1;59500;JAMS;6674.0;221.0;;;;;6676;221;;;;;6675.0;0.0
-1;59600;JAMS;6674.0;225.0;;;;;6676;225;;;;;6675.0;0.0
-1;59700;JAMS;6674.0;263.0;;;;;6676;263;;;;;6675.0;0.0
-1;59800;JAMS;6675.0;79.0;6674.0;175.0;;;6676;90;6677.0;175.0;;;6675.5;0.0
-1;59900;JAMS;6674.0;55.0;6673.0;125.0;;;6675;55;6676.0;125.0;;;6674.5;0.0
-1;60000;JAMS;6674.0;246.0;;;;;6676;246;;;;;6675.0;0.0
-1;60100;JAMS;6675.0;12.0;6674.0;247.0;;;6676;247;;;;;6675.0;0.0
-1;60200;JAMS;6674.0;206.0;;;;;6676;206;;;;;6675.0;0.0
-1;60300;JAMS;6675.0;85.0;6674.0;132.0;;;6676;85;6677.0;132.0;;;6675.5;0.0
-1;60400;JAMS;6675.0;253.0;;;;;6677;253;;;;;6676.0;0.0
-1;60500;JAMS;6675.0;260.0;;;;;6677;260;;;;;6676.0;0.0
-1;60600;JAMS;6675.0;233.0;;;;;6677;233;;;;;6676.0;0.0
-1;60700;JAMS;6675.0;269.0;;;;;6677;269;;;;;6676.0;0.0
-1;60800;JAMS;6675.0;183.0;;;;;6677;183;;;;;6676.0;0.0
-1;60900;JAMS;6675.0;256.0;;;;;6677;256;;;;;6676.0;0.0
-1;61000;JAMS;6676.0;82.0;6675.0;141.0;;;6677;82;6678.0;141.0;;;6676.5;0.0
-1;61100;JAMS;6676.0;202.0;;;;;6678;202;;;;;6677.0;0.0
-1;61200;JAMS;6676.0;257.0;;;;;6678;257;;;;;6677.0;0.0
-1;61300;JAMS;6678.0;80.0;6677.0;114.0;;;6679;80;6680.0;114.0;;;6678.5;0.0
-1;61400;JAMS;6678.0;264.0;;;;;6680;264;;;;;6679.0;0.0
-1;61500;JAMS;6679.0;269.0;;;;;6681;269;;;;;6680.0;0.0
-1;61600;JAMS;6679.0;269.0;;;;;6681;269;;;;;6680.0;0.0
-1;61700;JAMS;6679.0;82.0;6678.0;168.0;;;6680;82;6681.0;168.0;;;6679.5;0.0
-1;61800;JAMS;6679.0;51.0;6678.0;171.0;;;6680;51;6681.0;171.0;;;6679.5;0.0
-1;61900;JAMS;6679.0;238.0;;;;;6681;238;;;;;6680.0;0.0
-1;62000;JAMS;6679.0;250.0;;;;;6681;250;;;;;6680.0;0.0
-1;62100;JAMS;6679.0;222.0;;;;;6681;222;;;;;6680.0;0.0
-1;62200;JAMS;6679.0;89.0;6678.0;134.0;;;6680;89;6681.0;134.0;;;6679.5;0.0
-1;62300;JAMS;6678.0;253.0;;;;;6680;253;;;;;6679.0;0.0
-1;62400;JAMS;6677.0;239.0;;;;;6679;228;;;;;6678.0;0.0
-1;62500;JAMS;6677.0;90.0;6676.0;167.0;;;6678;90;6679.0;167.0;;;6677.5;0.0
-1;62600;JAMS;6677.0;57.0;6676.0;184.0;;;6678;57;6679.0;184.0;;;6677.5;0.0
-1;62700;JAMS;6677.0;228.0;;;;;6679;228;;;;;6678.0;0.0
-1;62800;JAMS;6677.0;193.0;;;;;6679;193;;;;;6678.0;0.0
-1;62900;JAMS;6678.0;94.0;6677.0;187.0;;;6679;83;6680.0;187.0;;;6678.5;0.0
-1;63000;JAMS;6677.0;223.0;;;;;6679;223;;;;;6678.0;0.0
-1;63100;JAMS;6677.0;290.0;;;;;6679;290;;;;;6678.0;0.0
-1;63200;JAMS;6677.0;238.0;;;;;6679;238;;;;;6678.0;0.0
-1;63300;JAMS;6677.0;235.0;;;;;6679;235;;;;;6678.0;0.0
-1;63400;JAMS;6677.0;201.0;;;;;6679;201;;;;;6678.0;0.0
-1;63500;JAMS;6677.0;191.0;;;;;6679;191;;;;;6678.0;0.0
-1;63600;JAMS;6677.0;162.0;;;;;6679;162;;;;;6678.0;0.0
-1;63700;JAMS;6678.0;93.0;6677.0;169.0;;;6679;93;6680.0;169.0;;;6678.5;0.0
-1;63800;JAMS;6679.0;64.0;6678.0;112.0;;;6680;64;6681.0;112.0;;;6679.5;0.0
-1;63900;JAMS;6679.0;253.0;;;;;6681;253;;;;;6680.0;0.0
-1;64000;JAMS;6679.0;273.0;;;;;6681;273;;;;;6680.0;0.0
-1;64100;JAMS;6679.0;69.0;6678.0;104.0;;;6680;69;6681.0;104.0;;;6679.5;0.0
-1;64200;JAMS;6679.0;190.0;;;;;6681;190;;;;;6680.0;0.0
-1;64300;JAMS;6679.0;61.0;6678.0;171.0;;;6680;61;6681.0;171.0;;;6679.5;0.0
-1;64400;JAMS;6678.0;239.0;;;;;6680;239;;;;;6679.0;0.0
-1;64500;JAMS;6678.0;244.0;;;;;6680;244;;;;;6679.0;0.0
-1;64600;JAMS;6679.0;90.0;6678.0;156.0;;;6680;90;6681.0;156.0;;;6679.5;0.0
-1;64700;JAMS;6678.0;260.0;;;;;6680;260;;;;;6679.0;0.0
-1;64800;JAMS;6678.0;203.0;;;;;6680;203;;;;;6679.0;0.0
-1;64900;JAMS;6678.0;82.0;6677.0;142.0;;;6679;90;6680.0;142.0;;;6678.5;0.0
-1;65000;JAMS;6678.0;59.0;6677.0;185.0;;;6679;71;6680.0;185.0;;;6678.5;0.0
-1;65100;JAMS;6678.0;225.0;;;;;6680;225;;;;;6679.0;0.0
-1;65200;JAMS;6678.0;67.0;6677.0;156.0;;;6679;67;6680.0;156.0;;;6678.5;0.0
-1;65300;JAMS;6678.0;63.0;6677.0;152.0;;;6679;63;6680.0;152.0;;;6678.5;0.0
-1;65400;JAMS;6676.0;202.0;;;;;6678;202;;;;;6677.0;0.0
-1;65500;JAMS;6677.0;94.0;6676.0;127.0;;;6678;94;6679.0;127.0;;;6677.5;0.0
-1;65600;JAMS;6675.0;239.0;;;;;6677;239;;;;;6676.0;0.0
-1;65700;JAMS;6676.0;280.0;;;;;6678;280;;;;;6677.0;0.0
-1;65800;JAMS;6676.0;186.0;;;;;6678;186;;;;;6677.0;0.0
-1;65900;JAMS;6676.0;219.0;;;;;6678;219;;;;;6677.0;0.0
-1;66000;JAMS;6676.0;266.0;;;;;6678;266;;;;;6677.0;0.0
-1;66100;JAMS;6677.0;228.0;;;;;6679;228;;;;;6678.0;0.0
-1;66200;JAMS;6677.0;9.0;6676.0;188.0;;;6678;188;;;;;6677.0;0.0
-1;66300;JAMS;6676.0;233.0;;;;;6678;233;;;;;6677.0;0.0
-1;66400;JAMS;6676.0;153.0;;;;;6677;12;6678.0;153.0;;;6677.0;0.0
-1;66500;JAMS;6676.0;226.0;;;;;6678;226;;;;;6677.0;0.0
-1;66600;JAMS;6676.0;81.0;6675.0;128.0;;;6677;81;6678.0;128.0;;;6676.5;0.0
-1;66700;JAMS;6676.0;66.0;6675.0;148.0;;;6677;66;6678.0;148.0;;;6676.5;0.0
-1;66800;JAMS;6676.0;261.0;;;;;6678;261;;;;;6677.0;0.0
-1;66900;JAMS;6676.0;177.0;;;;;6678;177;;;;;6677.0;0.0
-1;67000;JAMS;6677.0;75.0;6676.0;157.0;;;6678;75;6679.0;157.0;;;6677.5;0.0
-1;67100;JAMS;6676.0;264.0;;;;;6678;264;;;;;6677.0;0.0
-1;67200;JAMS;6677.0;292.0;;;;;6679;292;;;;;6678.0;0.0
-1;67300;JAMS;6677.0;94.0;6676.0;145.0;;;6678;94;6679.0;145.0;;;6677.5;0.0
-1;67400;JAMS;6677.0;65.0;6676.0;146.0;;;6678;65;6679.0;146.0;;;6677.5;0.0
-1;67500;JAMS;6677.0;259.0;;;;;6679;259;;;;;6678.0;0.0
-1;67600;JAMS;6678.0;50.0;6677.0;109.0;;;6679;50;6680.0;109.0;;;6678.5;0.0
-1;67700;JAMS;6678.0;272.0;;;;;6680;272;;;;;6679.0;0.0
-1;67800;JAMS;6678.0;230.0;;;;;6680;230;;;;;6679.0;0.0
-1;67900;JAMS;6678.0;249.0;;;;;6680;249;;;;;6679.0;0.0
-1;68000;JAMS;6679.0;95.0;6678.0;104.0;;;6680;95;6681.0;104.0;;;6679.5;0.0
-1;68100;JAMS;6678.0;245.0;;;;;6680;245;;;;;6679.0;0.0
-1;68200;JAMS;6678.0;205.0;;;;;6680;205;;;;;6679.0;0.0
-1;68300;JAMS;6678.0;270.0;;;;;6680;270;;;;;6679.0;0.0
-1;68400;JAMS;6678.0;55.0;6677.0;140.0;;;6679;55;6680.0;140.0;;;6678.5;0.0
-1;68500;JAMS;6678.0;52.0;6677.0;146.0;;;6679;52;6680.0;146.0;;;6678.5;0.0
-1;68600;JAMS;6678.0;88.0;6677.0;128.0;;;6679;88;6680.0;128.0;;;6678.5;0.0
-1;68700;JAMS;6678.0;192.0;;;;;6680;192;;;;;6679.0;0.0
-1;68800;JAMS;6678.0;231.0;;;;;6680;231;;;;;6679.0;0.0
-1;68900;JAMS;6678.0;186.0;;;;;6680;186;;;;;6679.0;0.0
-1;69000;JAMS;6680.0;84.0;6679.0;156.0;;;6681;84;6682.0;156.0;;;6680.5;0.0
-1;69100;JAMS;6680.0;67.0;6679.0;200.0;;;6681;67;6682.0;200.0;;;6680.5;0.0
-1;69200;JAMS;6680.0;76.0;6679.0;107.0;;;6681;76;6682.0;107.0;;;6680.5;0.0
-1;69300;JAMS;6680.0;64.0;6679.0;127.0;;;6681;64;6682.0;127.0;;;6680.5;0.0
-1;69400;JAMS;6680.0;229.0;;;;;6682;229;;;;;6681.0;0.0
-1;69500;JAMS;6680.0;61.0;6679.0;147.0;;;6681;61;6682.0;147.0;;;6680.5;0.0
-1;69600;JAMS;6679.0;196.0;;;;;6681;196;;;;;6680.0;0.0
-1;69700;JAMS;6680.0;93.0;6679.0;170.0;;;6681;93;6682.0;170.0;;;6680.5;0.0
-1;69800;JAMS;6679.0;275.0;;;;;6681;275;;;;;6680.0;0.0
-1;69900;JAMS;6679.0;167.0;;;;;6681;167;;;;;6680.0;0.0
-1;70000;JAMS;6678.0;197.0;;;;;6680;197;;;;;6679.0;0.0
-1;70100;JAMS;6678.0;238.0;;;;;6680;238;;;;;6679.0;0.0
-1;70200;JAMS;6678.0;188.0;;;;;6679;8;6680.0;188.0;;;6679.0;0.0
-1;70300;JAMS;6679.0;280.0;;;;;6681;280;;;;;6680.0;0.0
-1;70400;JAMS;6679.0;76.0;6678.0;166.0;;;6680;76;6681.0;166.0;;;6679.5;0.0
-1;70500;JAMS;6679.0;211.0;;;;;6681;211;;;;;6680.0;0.0
-1;70600;JAMS;6679.0;234.0;;;;;6681;234;;;;;6680.0;0.0
-1;70700;JAMS;6679.0;225.0;;;;;6681;225;;;;;6680.0;0.0
-1;70800;JAMS;6680.0;83.0;6679.0;162.0;;;6681;83;6682.0;162.0;;;6680.5;0.0
-1;70900;JAMS;6679.0;230.0;;;;;6681;230;;;;;6680.0;0.0
-1;71000;JAMS;6679.0;241.0;;;;;6681;241;;;;;6680.0;0.0
-1;71100;JAMS;6679.0;202.0;;;;;6681;202;;;;;6680.0;0.0
-1;71200;JAMS;6679.0;236.0;;;;;6681;236;;;;;6680.0;0.0
-1;71300;JAMS;6679.0;193.0;;;;;6681;193;;;;;6680.0;0.0
-1;71400;JAMS;6679.0;199.0;;;;;6681;199;;;;;6680.0;0.0
-1;71500;JAMS;6680.0;62.0;6679.0;159.0;;;6681;62;6682.0;159.0;;;6680.5;0.0
-1;71600;JAMS;6679.0;199.0;;;;;6681;199;;;;;6680.0;0.0
-1;71700;JAMS;6679.0;220.0;;;;;6681;220;;;;;6680.0;0.0
-1;71800;JAMS;6679.0;80.0;6678.0;136.0;;;6680;80;6681.0;136.0;;;6679.5;0.0
-1;71900;JAMS;6678.0;217.0;;;;;6680;217;;;;;6679.0;0.0
-1;72000;JAMS;6678.0;181.0;;;;;6680;181;;;;;6679.0;0.0
-1;72100;JAMS;6678.0;190.0;;;;;6680;190;;;;;6679.0;0.0
-1;72200;JAMS;6678.0;236.0;;;;;6680;236;;;;;6679.0;0.0
-1;72300;JAMS;6678.0;76.0;6677.0;131.0;;;6679;76;6680.0;131.0;;;6678.5;0.0
-1;72400;JAMS;6678.0;66.0;6677.0;130.0;;;6679;66;6680.0;130.0;;;6678.5;0.0
-1;72500;JAMS;6678.0;207.0;;;;;6680;207;;;;;6679.0;0.0
-1;72600;JAMS;6678.0;241.0;;;;;6680;241;;;;;6679.0;0.0
-1;72700;JAMS;6678.0;282.0;;;;;6680;282;;;;;6679.0;0.0
-1;72800;JAMS;6678.0;286.0;;;;;6680;286;;;;;6679.0;0.0
-1;72900;JAMS;6678.0;240.0;;;;;6680;240;;;;;6679.0;0.0
-1;73000;JAMS;6678.0;283.0;;;;;6680;283;;;;;6679.0;0.0
-1;73100;JAMS;6679.0;73.0;6678.0;172.0;;;6680;61;6681.0;172.0;;;6679.5;0.0
-1;73200;JAMS;6679.0;284.0;;;;;6681;284;;;;;6680.0;0.0
-1;73300;JAMS;6679.0;55.0;6678.0;140.0;;;6680;55;6681.0;140.0;;;6679.5;0.0
-1;73400;JAMS;6680.0;3.0;6679.0;218.0;;;6681;218;;;;;6680.0;0.0
-1;73500;JAMS;6679.0;265.0;;;;;6681;265;;;;;6680.0;0.0
-1;73600;JAMS;6680.0;53.0;6679.0;182.0;;;6681;53;6682.0;182.0;;;6680.5;0.0
-1;73700;JAMS;6680.0;58.0;6679.0;186.0;;;6681;58;6682.0;186.0;;;6680.5;0.0
-1;73800;JAMS;6680.0;233.0;;;;;6682;233;;;;;6681.0;0.0
-1;73900;JAMS;6680.0;182.0;;;;;6682;182;;;;;6681.0;0.0
-1;74000;JAMS;6680.0;222.0;;;;;6682;222;;;;;6681.0;0.0
-1;74100;JAMS;6680.0;43.0;6679.0;102.0;;;6681;52;6682.0;102.0;;;6680.5;0.0
-1;74200;JAMS;6680.0;261.0;;;;;6682;261;;;;;6681.0;0.0
-1;74300;JAMS;6680.0;251.0;;;;;6682;251;;;;;6681.0;0.0
-1;74400;JAMS;6680.0;185.0;;;;;6682;185;;;;;6681.0;0.0
-1;74500;JAMS;6679.0;200.0;;;;;6681;200;;;;;6680.0;0.0
-1;74600;JAMS;6679.0;198.0;;;;;6681;198;;;;;6680.0;0.0
-1;74700;JAMS;6679.0;218.0;;;;;6681;218;;;;;6680.0;0.0
-1;74800;JAMS;6679.0;89.0;6678.0;151.0;;;6680;89;6681.0;151.0;;;6679.5;0.0
-1;74900;JAMS;6679.0;82.0;6678.0;108.0;;;6680;82;6681.0;108.0;;;6679.5;0.0
-1;75000;JAMS;6679.0;61.0;6678.0;187.0;;;6680;61;6681.0;187.0;;;6679.5;0.0
-1;75100;JAMS;6679.0;75.0;6678.0;136.0;;;6680;75;6681.0;136.0;;;6679.5;0.0
-1;75200;JAMS;6679.0;77.0;6678.0;176.0;;;6680;77;6681.0;176.0;;;6679.5;0.0
-1;75300;JAMS;6679.0;62.0;6678.0;164.0;;;6680;62;6681.0;164.0;;;6679.5;0.0
-1;75400;JAMS;6679.0;250.0;;;;;6681;260;;;;;6680.0;0.0
-1;75500;JAMS;6679.0;222.0;;;;;6681;222;;;;;6680.0;0.0
-1;75600;JAMS;6679.0;195.0;;;;;6681;195;;;;;6680.0;0.0
-1;75700;JAMS;6679.0;213.0;;;;;6681;213;;;;;6680.0;0.0
-1;75800;JAMS;6679.0;216.0;;;;;6681;216;;;;;6680.0;0.0
-1;75900;JAMS;6679.0;248.0;;;;;6681;248;;;;;6680.0;0.0
-1;76000;JAMS;6679.0;81.0;6678.0;159.0;;;6680;81;6681.0;159.0;;;6679.5;0.0
-1;76100;JAMS;6679.0;211.0;;;;;6681;211;;;;;6680.0;0.0
-1;76200;JAMS;6680.0;47.0;6679.0;129.0;;;6681;51;6682.0;129.0;;;6680.5;0.0
-1;76300;JAMS;6680.0;74.0;6679.0;160.0;;;6681;74;6682.0;160.0;;;6680.5;0.0
-1;76400;JAMS;6680.0;237.0;;;;;6682;237;;;;;6681.0;0.0
-1;76500;JAMS;6682.0;100.0;6681.0;180.0;;;6683;100;6684.0;180.0;;;6682.5;0.0
-1;76600;JAMS;6682.0;67.0;6681.0;159.0;;;6683;67;6684.0;159.0;;;6682.5;0.0
-1;76700;JAMS;6682.0;238.0;;;;;6684;238;;;;;6683.0;0.0
-1;76800;JAMS;6682.0;247.0;;;;;6684;247;;;;;6683.0;0.0
-1;76900;JAMS;6683.0;56.0;6682.0;125.0;;;6684;62;6685.0;125.0;;;6683.5;0.0
-1;77000;JAMS;6683.0;92.0;6682.0;181.0;;;6684;96;6685.0;181.0;;;6683.5;0.0
-1;77100;JAMS;6683.0;94.0;6682.0;196.0;;;6684;94;6685.0;196.0;;;6683.5;0.0
-1;77200;JAMS;6683.0;87.0;6682.0;167.0;;;6684;87;6685.0;167.0;;;6683.5;0.0
-1;77300;JAMS;6683.0;61.0;6682.0;156.0;;;6684;61;6685.0;156.0;;;6683.5;0.0
-1;77400;JAMS;6682.0;250.0;;;;;6684;250;;;;;6683.0;0.0
-1;77500;JAMS;6683.0;177.0;;;;;6685;177;;;;;6684.0;0.0
-1;77600;JAMS;6683.0;231.0;;;;;6685;231;;;;;6684.0;0.0
-1;77700;JAMS;6683.0;82.0;6682.0;107.0;;;6684;82;6685.0;107.0;;;6683.5;0.0
-1;77800;JAMS;6683.0;61.0;6682.0;200.0;;;6684;61;6685.0;200.0;;;6683.5;0.0
-1;77900;JAMS;6683.0;290.0;;;;;6685;290;;;;;6684.0;0.0
-1;78000;JAMS;6683.0;188.0;;;;;6685;188;;;;;6684.0;0.0
-1;78100;JAMS;6682.0;69.0;6681.0;191.0;;;6683;73;6684.0;191.0;;;6682.5;0.0
-1;78200;JAMS;6682.0;72.0;6681.0;136.0;;;6683;72;6684.0;136.0;;;6682.5;0.0
-1;78300;JAMS;6681.0;207.0;;;;;6683;207;;;;;6682.0;0.0
-1;78400;JAMS;6682.0;68.0;6681.0;129.0;;;6683;68;6684.0;129.0;;;6682.5;0.0
-1;78500;JAMS;6682.0;271.0;;;;;6684;271;;;;;6683.0;0.0
-1;78600;JAMS;6683.0;203.0;;;;;6685;203;;;;;6684.0;0.0
-1;78700;JAMS;6683.0;192.0;;;;;6685;192;;;;;6684.0;0.0
-1;78800;JAMS;6683.0;262.0;;;;;6685;262;;;;;6684.0;0.0
-1;78900;JAMS;6684.0;64.0;6683.0;129.0;;;6685;64;6686.0;129.0;;;6684.5;0.0
-1;79000;JAMS;6684.0;87.0;6683.0;116.0;;;6685;87;6686.0;116.0;;;6684.5;0.0
-1;79100;JAMS;6684.0;51.0;6683.0;148.0;;;6685;51;6686.0;148.0;;;6684.5;0.0
-1;79200;JAMS;6683.0;262.0;;;;;6685;262;;;;;6684.0;0.0
-1;79300;JAMS;6683.0;193.0;;;;;6685;193;;;;;6684.0;0.0
-1;79400;JAMS;6684.0;4.0;6683.0;186.0;;;6685;186;;;;;6684.0;0.0
-1;79500;JAMS;6684.0;94.0;6683.0;111.0;;;6685;98;6686.0;111.0;;;6684.5;0.0
-1;79600;JAMS;6684.0;3.0;6683.0;171.0;;;6685;171;;;;;6684.0;0.0
-1;79700;JAMS;6683.0;57.0;6682.0;160.0;;;6684;57;6685.0;160.0;;;6683.5;0.0
-1;79800;JAMS;6683.0;95.0;6682.0;135.0;;;6684;95;6685.0;135.0;;;6683.5;0.0
-1;79900;JAMS;6682.0;239.0;;;;;6684;239;;;;;6683.0;0.0
-1;80000;JAMS;6682.0;247.0;;;;;6684;247;;;;;6683.0;0.0
-1;80100;JAMS;6682.0;204.0;;;;;6684;204;;;;;6683.0;0.0
-1;80200;JAMS;6682.0;92.0;6681.0;114.0;;;6683;92;6684.0;114.0;;;6682.5;0.0
-1;80300;JAMS;6682.0;72.0;6681.0;137.0;;;6683;72;6684.0;137.0;;;6682.5;0.0
-1;80400;JAMS;6681.0;235.0;;;;;6683;235;;;;;6682.0;0.0
-1;80500;JAMS;6681.0;214.0;;;;;6683;214;;;;;6682.0;0.0
-1;80600;JAMS;6681.0;275.0;;;;;6683;275;;;;;6682.0;0.0
-1;80700;JAMS;6681.0;260.0;;;;;6683;260;;;;;6682.0;0.0
-1;80800;JAMS;6681.0;253.0;;;;;6683;253;;;;;6682.0;0.0
-1;80900;JAMS;6682.0;90.0;6681.0;148.0;;;6683;90;6684.0;148.0;;;6682.5;0.0
-1;81000;JAMS;6682.0;10.0;6681.0;201.0;;;6683;201;;;;;6682.0;0.0
-1;81100;JAMS;6681.0;56.0;6680.0;166.0;;;6682;56;6683.0;166.0;;;6681.5;0.0
-1;81200;JAMS;6680.0;247.0;;;;;6682;247;;;;;6681.0;0.0
-1;81300;JAMS;6680.0;255.0;;;;;6682;255;;;;;6681.0;0.0
-1;81400;JAMS;6681.0;196.0;;;;;6683;196;;;;;6682.0;0.0
-1;81500;JAMS;6681.0;181.0;;;;;6683;181;;;;;6682.0;0.0
-1;81600;JAMS;6681.0;270.0;;;;;6683;270;;;;;6682.0;0.0
-1;81700;JAMS;6681.0;250.0;;;;;6683;250;;;;;6682.0;0.0
-1;81800;JAMS;6682.0;56.0;6681.0;134.0;;;6683;56;6684.0;134.0;;;6682.5;0.0
-1;81900;JAMS;6681.0;233.0;;;;;6683;233;;;;;6682.0;0.0
-1;82000;JAMS;6682.0;245.0;;;;;6684;251;;;;;6683.0;0.0
-1;82100;JAMS;6682.0;76.0;6681.0;134.0;;;6683;76;6684.0;134.0;;;6682.5;0.0
-1;82200;JAMS;6682.0;9.0;6681.0;242.0;;;6683;242;;;;;6682.0;0.0
-1;82300;JAMS;6681.0;189.0;;;;;6683;189;;;;;6682.0;0.0
-1;82400;JAMS;6681.0;202.0;;;;;6683;202;;;;;6682.0;0.0
-1;82500;JAMS;6681.0;95.0;6680.0;116.0;;;6682;95;6683.0;116.0;;;6681.5;0.0
-1;82600;JAMS;6681.0;77.0;6680.0;109.0;;;6682;77;6683.0;109.0;;;6681.5;0.0
-1;82700;JAMS;6681.0;53.0;6680.0;160.0;;;6682;53;6683.0;160.0;;;6681.5;0.0
-1;82800;JAMS;6681.0;194.0;;;;;6683;194;;;;;6682.0;0.0
-1;82900;JAMS;6681.0;180.0;;;;;6683;180;;;;;6682.0;0.0
-1;83000;JAMS;6682.0;88.0;6681.0;102.0;;;6683;88;6684.0;102.0;;;6682.5;0.0
-1;83100;JAMS;6682.0;57.0;6681.0;151.0;;;6683;57;6684.0;151.0;;;6682.5;0.0
-1;83200;JAMS;6682.0;75.0;6681.0;182.0;;;6683;75;6684.0;182.0;;;6682.5;0.0
-1;83300;JAMS;6683.0;84.0;6682.0;136.0;;;6684;84;6685.0;136.0;;;6683.5;0.0
-1;83400;JAMS;6682.0;224.0;;;;;6684;224;;;;;6683.0;0.0
-1;83500;JAMS;6682.0;228.0;;;;;6684;228;;;;;6683.0;0.0
-1;83600;JAMS;6682.0;197.0;;;;;6684;197;;;;;6683.0;0.0
-1;83700;JAMS;6682.0;285.0;;;;;6684;285;;;;;6683.0;0.0
-1;83800;JAMS;6682.0;178.0;;;;;6684;178;;;;;6683.0;0.0
-1;83900;JAMS;6682.0;234.0;;;;;6684;234;;;;;6683.0;0.0
-1;84000;JAMS;6682.0;246.0;;;;;6684;246;;;;;6683.0;0.0
-1;84100;JAMS;6681.0;259.0;;;;;6683;259;;;;;6682.0;0.0
-1;84200;JAMS;6681.0;205.0;;;;;6683;205;;;;;6682.0;0.0
-1;84300;JAMS;6681.0;266.0;;;;;6683;266;;;;;6682.0;0.0
-1;84400;JAMS;6682.0;56.0;6681.0;114.0;;;6683;56;6684.0;114.0;;;6682.5;0.0
-1;84500;JAMS;6682.0;204.0;;;;;6684;204;;;;;6683.0;0.0
-1;84600;JAMS;6682.0;234.0;;;;;6684;234;;;;;6683.0;0.0
-1;84700;JAMS;6682.0;85.0;6681.0;130.0;;;6683;85;6684.0;130.0;;;6682.5;0.0
-1;84800;JAMS;6682.0;160.0;;;;;6684;160;;;;;6683.0;0.0
-1;84900;JAMS;6682.0;203.0;;;;;6684;203;;;;;6683.0;0.0
-1;85000;JAMS;6682.0;249.0;;;;;6684;249;;;;;6683.0;0.0
-1;85100;JAMS;6683.0;63.0;6682.0;105.0;;;6684;63;6685.0;105.0;;;6683.5;0.0
-1;85200;JAMS;6683.0;184.0;;;;;6685;184;;;;;6684.0;0.0
-1;85300;JAMS;6684.0;65.0;6683.0;177.0;;;6685;65;6686.0;177.0;;;6684.5;0.0
-1;85400;JAMS;6684.0;79.0;6683.0;124.0;;;6685;79;6686.0;124.0;;;6684.5;0.0
-1;85500;JAMS;6684.0;193.0;;;;;6686;193;;;;;6685.0;0.0
-1;85600;JAMS;6684.0;67.0;6683.0;170.0;;;6685;67;6686.0;170.0;;;6684.5;0.0
-1;85700;JAMS;6684.0;190.0;;;;;6686;190;;;;;6685.0;0.0
-1;85800;JAMS;6684.0;227.0;;;;;6686;227;;;;;6685.0;0.0
-1;85900;JAMS;6685.0;57.0;6684.0;188.0;;;6686;57;6687.0;188.0;;;6685.5;0.0
-1;86000;JAMS;6685.0;204.0;;;;;6687;194;;;;;6686.0;0.0
-1;86100;JAMS;6686.0;231.0;;;;;6688;231;;;;;6687.0;0.0
-1;86200;JAMS;6686.0;233.0;;;;;6688;233;;;;;6687.0;0.0
-1;86300;JAMS;6686.0;264.0;;;;;6688;269;;;;;6687.0;0.0
-1;86400;JAMS;6687.0;264.0;;;;;6689;264;;;;;6688.0;0.0
-1;86500;JAMS;6687.0;58.0;6686.0;151.0;;;6688;58;6689.0;151.0;;;6687.5;0.0
-1;86600;JAMS;6687.0;82.0;6686.0;119.0;;;6688;77;6689.0;119.0;;;6687.5;0.0
-1;86700;JAMS;6687.0;12.0;6686.0;247.0;;;6688;247;;;;;6687.0;0.0
-1;86800;JAMS;6686.0;272.0;;;;;6688;272;;;;;6687.0;0.0
-1;86900;JAMS;6687.0;195.0;;;;;6689;195;;;;;6688.0;0.0
-1;87000;JAMS;6687.0;287.0;;;;;6689;287;;;;;6688.0;0.0
-1;87100;JAMS;6687.0;215.0;;;;;6689;215;;;;;6688.0;0.0
-1;87200;JAMS;6687.0;261.0;;;;;6689;261;;;;;6688.0;0.0
-1;87300;JAMS;6687.0;248.0;;;;;6689;237;;;;;6688.0;0.0
-1;87400;JAMS;6687.0;83.0;6686.0;168.0;;;6688;83;6689.0;168.0;;;6687.5;0.0
-1;87500;JAMS;6687.0;53.0;6686.0;169.0;;;6688;53;6689.0;169.0;;;6687.5;0.0
-1;87600;JAMS;6686.0;190.0;;;;;6688;190;;;;;6687.0;0.0
-1;87700;JAMS;6687.0;210.0;;;;;6689;210;;;;;6688.0;0.0
-1;87800;JAMS;6686.0;234.0;;;;;6688;234;;;;;6687.0;0.0
-1;87900;JAMS;6687.0;212.0;;;;;6689;212;;;;;6688.0;0.0
-1;88000;JAMS;6687.0;88.0;6686.0;173.0;;;6688;84;6689.0;173.0;;;6687.5;0.0
-1;88100;JAMS;6687.0;66.0;6686.0;195.0;;;6688;66;6689.0;195.0;;;6687.5;0.0
-1;88200;JAMS;6687.0;251.0;;;;;6689;251;;;;;6688.0;0.0
-1;88300;JAMS;6687.0;209.0;;;;;6689;212;;;;;6688.0;0.0
-1;88400;JAMS;6687.0;237.0;;;;;6689;237;;;;;6688.0;0.0
-1;88500;JAMS;6687.0;210.0;;;;;6689;210;;;;;6688.0;0.0
-1;88600;JAMS;6687.0;162.0;;;;;6689;162;;;;;6688.0;0.0
-1;88700;JAMS;6687.0;204.0;;;;;6689;204;;;;;6688.0;0.0
-1;88800;JAMS;6686.0;225.0;;;;;6688;225;;;;;6687.0;0.0
-1;88900;JAMS;6686.0;248.0;;;;;6688;248;;;;;6687.0;0.0
-1;89000;JAMS;6686.0;60.0;6685.0;103.0;;;6687;60;6688.0;103.0;;;6686.5;0.0
-1;89100;JAMS;6685.0;207.0;;;;;6687;207;;;;;6686.0;0.0
-1;89200;JAMS;6683.0;181.0;;;;;6685;181;;;;;6684.0;0.0
-1;89300;JAMS;6683.0;196.0;;;;;6685;196;;;;;6684.0;0.0
-1;89400;JAMS;6683.0;177.0;;;;;6685;177;;;;;6684.0;0.0
-1;89500;JAMS;6683.0;174.0;;;;;6685;174;;;;;6684.0;0.0
-1;89600;JAMS;6682.0;192.0;;;;;6684;192;;;;;6683.0;0.0
-1;89700;JAMS;6682.0;95.0;6681.0;127.0;;;6683;95;6684.0;127.0;;;6682.5;0.0
-1;89800;JAMS;6681.0;293.0;;;;;6683;297;;;;;6682.0;0.0
-1;89900;JAMS;6681.0;212.0;;;;;6683;212;;;;;6682.0;0.0
-1;90000;JAMS;6681.0;258.0;;;;;6683;258;;;;;6682.0;0.0
-1;90100;JAMS;6681.0;221.0;;;;;6683;221;;;;;6682.0;0.0
-1;90200;JAMS;6681.0;178.0;;;;;6683;178;;;;;6682.0;0.0
-1;90300;JAMS;6681.0;99.0;6680.0;112.0;;;6682;99;6683.0;112.0;;;6681.5;0.0
-1;90400;JAMS;6681.0;52.0;6680.0;131.0;;;6682;52;6683.0;131.0;;;6681.5;0.0
-1;90500;JAMS;6681.0;55.0;6680.0;110.0;;;6682;55;6683.0;110.0;;;6681.5;0.0
-1;90600;JAMS;6681.0;83.0;6680.0;177.0;;;6682;72;6683.0;177.0;;;6681.5;0.0
-1;90700;JAMS;6681.0;5.0;6680.0;199.0;;;6682;199;;;;;6681.0;0.0
-1;90800;JAMS;6680.0;283.0;;;;;6682;283;;;;;6681.0;0.0
-1;90900;JAMS;6680.0;173.0;;;;;6682;173;;;;;6681.0;0.0
-1;91000;JAMS;6680.0;244.0;;;;;6682;244;;;;;6681.0;0.0
-1;91100;JAMS;6680.0;215.0;;;;;6682;215;;;;;6681.0;0.0
-1;91200;JAMS;6680.0;246.0;;;;;6682;246;;;;;6681.0;0.0
-1;91300;JAMS;6680.0;255.0;;;;;6682;255;;;;;6681.0;0.0
-1;91400;JAMS;6680.0;196.0;;;;;6682;196;;;;;6681.0;0.0
-1;91500;JAMS;6680.0;183.0;;;;;6682;183;;;;;6681.0;0.0
-1;91600;JAMS;6680.0;238.0;;;;;6682;238;;;;;6681.0;0.0
-1;91700;JAMS;6680.0;213.0;;;;;6682;213;;;;;6681.0;0.0
-1;91800;JAMS;6680.0;69.0;6679.0;103.0;;;6681;69;6682.0;103.0;;;6680.5;0.0
-1;91900;JAMS;6680.0;79.0;6679.0;136.0;;;6681;79;6682.0;136.0;;;6680.5;0.0
-1;92000;JAMS;6681.0;188.0;;;;;6683;188;;;;;6682.0;0.0
-1;92100;JAMS;6682.0;72.0;6681.0;123.0;;;6683;72;6684.0;123.0;;;6682.5;0.0
-1;92200;JAMS;6682.0;171.0;;;;;6684;171;;;;;6683.0;0.0
-1;92300;JAMS;6682.0;206.0;;;;;6684;206;;;;;6683.0;0.0
-1;92400;JAMS;6682.0;215.0;;;;;6684;215;;;;;6683.0;0.0
-1;92500;JAMS;6682.0;187.0;;;;;6684;187;;;;;6683.0;0.0
-1;92600;JAMS;6683.0;178.0;;;;;6685;178;;;;;6684.0;0.0
-1;92700;JAMS;6683.0;208.0;;;;;6685;205;;;;;6684.0;0.0
-1;92800;JAMS;6683.0;68.0;6682.0;169.0;;;6684;68;6685.0;169.0;;;6683.5;0.0
-1;92900;JAMS;6683.0;190.0;;;;;6685;202;;;;;6684.0;0.0
-1;93000;JAMS;6683.0;87.0;6682.0;181.0;;;6684;87;6685.0;181.0;;;6683.5;0.0
-1;93100;JAMS;6682.0;282.0;;;;;6684;282;;;;;6683.0;0.0
-1;93200;JAMS;6682.0;234.0;;;;;6684;234;;;;;6683.0;0.0
-1;93300;JAMS;6682.0;67.0;6681.0;107.0;;;6683;67;6684.0;107.0;;;6682.5;0.0
-1;93400;JAMS;6682.0;283.0;;;;;6684;283;;;;;6683.0;0.0
-1;93500;JAMS;6682.0;100.0;6681.0;110.0;;;6683;100;6684.0;110.0;;;6682.5;0.0
-1;93600;JAMS;6681.0;212.0;;;;;6683;212;;;;;6682.0;0.0
-1;93700;JAMS;6681.0;264.0;;;;;6683;264;;;;;6682.0;0.0
-1;93800;JAMS;6681.0;218.0;;;;;6683;218;;;;;6682.0;0.0
-1;93900;JAMS;6681.0;246.0;;;;;6682;12;6683.0;246.0;;;6682.0;0.0
-1;94000;JAMS;6681.0;190.0;;;;;6683;190;;;;;6682.0;0.0
-1;94100;JAMS;6681.0;168.0;;;;;6683;168;;;;;6682.0;0.0
-1;94200;JAMS;6681.0;183.0;;;;;6683;183;;;;;6682.0;0.0
-1;94300;JAMS;6681.0;232.0;;;;;6683;232;;;;;6682.0;0.0
-1;94400;JAMS;6681.0;248.0;;;;;6683;248;;;;;6682.0;0.0
-1;94500;JAMS;6681.0;215.0;;;;;6683;215;;;;;6682.0;0.0
-1;94600;JAMS;6681.0;272.0;;;;;6683;272;;;;;6682.0;0.0
-1;94700;JAMS;6681.0;197.0;;;;;6683;197;;;;;6682.0;0.0
-1;94800;JAMS;6680.0;191.0;;;;;6682;191;;;;;6681.0;0.0
-1;94900;JAMS;6680.0;181.0;;;;;6682;181;;;;;6681.0;0.0
-1;95000;JAMS;6680.0;212.0;;;;;6682;218;;;;;6681.0;0.0
-1;95100;JAMS;6680.0;244.0;;;;;6682;244;;;;;6681.0;0.0
-1;95200;JAMS;6680.0;194.0;;;;;6682;194;;;;;6681.0;0.0
-1;95300;JAMS;6679.0;259.0;;;;;6681;259;;;;;6680.0;0.0
-1;95400;JAMS;6679.0;238.0;;;;;6681;238;;;;;6680.0;0.0
-1;95500;JAMS;6679.0;188.0;;;;;6681;188;;;;;6680.0;0.0
-1;95600;JAMS;6679.0;205.0;;;;;6681;205;;;;;6680.0;0.0
-1;95700;JAMS;6680.0;50.0;6679.0;115.0;;;6681;50;6682.0;115.0;;;6680.5;0.0
-1;95800;JAMS;6680.0;96.0;6679.0;121.0;;;6681;96;6682.0;121.0;;;6680.5;0.0
-1;95900;JAMS;6680.0;79.0;6679.0;162.0;;;6681;79;6682.0;162.0;;;6680.5;0.0
-1;96000;JAMS;6680.0;54.0;6679.0;187.0;;;6681;54;6682.0;187.0;;;6680.5;0.0
-1;96100;JAMS;6680.0;72.0;6679.0;129.0;;;6681;72;6682.0;129.0;;;6680.5;0.0
-1;96200;JAMS;6680.0;67.0;6679.0;177.0;;;6681;67;6682.0;177.0;;;6680.5;0.0
-1;96300;JAMS;6679.0;205.0;;;;;6681;205;;;;;6680.0;0.0
-1;96400;JAMS;6679.0;262.0;;;;;6681;253;;;;;6680.0;0.0
-1;96500;JAMS;6679.0;195.0;;;;;6681;195;;;;;6680.0;0.0
-1;96600;JAMS;6679.0;171.0;;;;;6681;171;;;;;6680.0;0.0
-1;96700;JAMS;6679.0;222.0;;;;;6681;222;;;;;6680.0;0.0
-1;96800;JAMS;6679.0;81.0;6678.0;126.0;;;6680;81;6681.0;126.0;;;6679.5;0.0
-1;96900;JAMS;6678.0;251.0;;;;;6680;251;;;;;6679.0;0.0
-1;97000;JAMS;6679.0;80.0;6678.0;190.0;;;6680;70;6681.0;190.0;;;6679.5;0.0
-1;97100;JAMS;6678.0;183.0;;;;;6680;183;;;;;6679.0;0.0
-1;97200;JAMS;6678.0;273.0;;;;;6680;273;;;;;6679.0;0.0
-1;97300;JAMS;6678.0;160.0;;;;;6680;160;;;;;6679.0;0.0
-1;97400;JAMS;6679.0;252.0;;;;;6681;252;;;;;6680.0;0.0
-1;97500;JAMS;6680.0;57.0;6679.0;190.0;;;6681;57;6682.0;190.0;;;6680.5;0.0
-1;97600;JAMS;6680.0;173.0;;;;;6682;173;;;;;6681.0;0.0
-1;97700;JAMS;6680.0;63.0;6679.0;130.0;;;6681;51;6682.0;130.0;;;6680.5;0.0
-1;97800;JAMS;6678.0;197.0;;;;;6680;197;;;;;6679.0;0.0
-1;97900;JAMS;6678.0;213.0;;;;;6680;213;;;;;6679.0;0.0
-1;98000;JAMS;6678.0;181.0;;;;;6680;181;;;;;6679.0;0.0
-1;98100;JAMS;6678.0;215.0;;;;;6680;215;;;;;6679.0;0.0
-1;98200;JAMS;6679.0;12.0;6678.0;240.0;;;6680;240;;;;;6679.0;0.0
-1;98300;JAMS;6682.0;51.0;6681.0;145.0;;;6683;51;6684.0;145.0;;;6682.5;0.0
-1;98400;JAMS;6682.0;84.0;6681.0;142.0;;;6683;84;6684.0;142.0;;;6682.5;0.0
-1;98500;JAMS;6682.0;100.0;6681.0;110.0;;;6683;100;6684.0;110.0;;;6682.5;0.0
-1;98600;JAMS;6681.0;49.0;6680.0;181.0;;;6682;60;6683.0;181.0;;;6681.5;0.0
-1;98700;JAMS;6680.0;252.0;;;;;6682;252;;;;;6681.0;0.0
-1;98800;JAMS;6680.0;80.0;6679.0;142.0;;;6681;80;6682.0;142.0;;;6680.5;0.0
-1;98900;JAMS;6679.0;225.0;;;;;6681;225;;;;;6680.0;0.0
-1;99000;JAMS;6679.0;219.0;;;;;6681;219;;;;;6680.0;0.0
-1;99100;JAMS;6679.0;228.0;;;;;6680;11;6681.0;228.0;;;6680.0;0.0
-1;99200;JAMS;6679.0;250.0;;;;;6681;256;;;;;6680.0;0.0
-1;99300;JAMS;6682.0;266.0;;;;;6684;266;;;;;6683.0;0.0
-1;99400;JAMS;6683.0;3.0;6682.0;211.0;;;6684;211;;;;;6683.0;0.0
-1;99500;JAMS;6682.0;237.0;;;;;6684;237;;;;;6683.0;0.0
-1;99600;JAMS;6682.0;186.0;;;;;6684;183;;;;;6683.0;0.0
-1;99700;JAMS;6682.0;64.0;6681.0;184.0;;;6683;64;6684.0;184.0;;;6682.5;0.0
-1;99800;JAMS;6682.0;250.0;;;;;6684;250;;;;;6683.0;0.0
-1;99900;JAMS;6682.0;52.0;6681.0;198.0;;;6683;52;6684.0;198.0;;;6682.5;0.0
-1;100000;JAMS;6682.0;269.0;;;;;6684;263;;;;;6683.0;0.0
-1;100100;JAMS;6682.0;265.0;;;;;6684;265;;;;;6683.0;0.0
-1;100200;JAMS;6683.0;62.0;6682.0;149.0;;;6684;51;6685.0;149.0;;;6683.5;0.0
-1;100300;JAMS;6683.0;86.0;6682.0;129.0;;;6684;89;6685.0;129.0;;;6683.5;0.0
-1;100400;JAMS;6682.0;210.0;;;;;6684;210;;;;;6683.0;0.0
-1;100500;JAMS;6682.0;244.0;;;;;6684;244;;;;;6683.0;0.0
-1;100600;JAMS;6683.0;69.0;6682.0;190.0;;;6684;69;6685.0;190.0;;;6683.5;0.0
-1;100700;JAMS;6684.0;221.0;;;;;6686;221;;;;;6685.0;0.0
-1;100800;JAMS;6684.0;84.0;6683.0;165.0;;;6685;84;6686.0;165.0;;;6684.5;0.0
-1;100900;JAMS;6685.0;189.0;;;;;6687;189;;;;;6686.0;0.0
-1;101000;JAMS;6685.0;191.0;;;;;6687;180;;;;;6686.0;0.0
-1;101100;JAMS;6685.0;231.0;;;;;6687;231;;;;;6686.0;0.0
-1;101200;JAMS;6684.0;231.0;;;;;6686;231;;;;;6685.0;0.0
-1;101300;JAMS;6685.0;82.0;6684.0;163.0;;;6686;77;6687.0;163.0;;;6685.5;0.0
-1;101400;JAMS;6684.0;75.0;6683.0;185.0;;;6685;75;6686.0;185.0;;;6684.5;0.0
-1;101500;JAMS;6684.0;94.0;6683.0;135.0;;;6685;94;6686.0;135.0;;;6684.5;0.0
-1;101600;JAMS;6684.0;88.0;6683.0;175.0;;;6685;88;6686.0;175.0;;;6684.5;0.0
-1;101700;JAMS;6684.0;62.0;6683.0;158.0;;;6685;62;6686.0;158.0;;;6684.5;0.0
-1;101800;JAMS;6684.0;80.0;6683.0;121.0;;;6685;80;6686.0;121.0;;;6684.5;0.0
-1;101900;JAMS;6684.0;96.0;6683.0;176.0;;;6685;96;6686.0;176.0;;;6684.5;0.0
-1;102000;JAMS;6684.0;80.0;6683.0;131.0;;;6685;80;6686.0;131.0;;;6684.5;0.0
-1;102100;JAMS;6684.0;61.0;6683.0;113.0;;;6685;61;6686.0;113.0;;;6684.5;0.0
-1;102200;JAMS;6684.0;56.0;6683.0;108.0;;;6685;56;6686.0;108.0;;;6684.5;0.0
-1;102300;JAMS;6684.0;85.0;6683.0;146.0;;;6685;85;6686.0;146.0;;;6684.5;0.0
-1;102400;JAMS;6684.0;56.0;6683.0;126.0;;;6685;56;6686.0;126.0;;;6684.5;0.0
-1;102500;JAMS;6684.0;62.0;6683.0;187.0;;;6685;69;6686.0;187.0;;;6684.5;0.0
-1;102600;JAMS;6684.0;83.0;6683.0;183.0;;;6685;83;6686.0;183.0;;;6684.5;0.0
-1;102700;JAMS;6682.0;175.0;;;;;6684;175;;;;;6683.0;0.0
-1;102800;JAMS;6683.0;264.0;;;;;6685;264;;;;;6684.0;0.0
-1;102900;JAMS;6684.0;57.0;6683.0;197.0;;;6685;57;6686.0;197.0;;;6684.5;0.0
-1;103000;JAMS;6684.0;12.0;6683.0;228.0;;;6685;228;;;;;6684.0;0.0
-1;103100;JAMS;6683.0;221.0;;;;;6685;221;;;;;6684.0;0.0
-1;103200;JAMS;6683.0;84.0;6682.0;146.0;;;6684;96;6685.0;146.0;;;6683.5;0.0
-1;103300;JAMS;6682.0;235.0;;;;;6684;235;;;;;6683.0;0.0
-1;103400;JAMS;6682.0;173.0;;;;;6684;173;;;;;6683.0;0.0
-1;103500;JAMS;6682.0;208.0;;;;;6684;208;;;;;6683.0;0.0
-1;103600;JAMS;6681.0;231.0;;;;;6683;231;;;;;6682.0;0.0
-1;103700;JAMS;6681.0;252.0;;;;;6683;252;;;;;6682.0;0.0
-1;103800;JAMS;6681.0;167.0;;;;;6683;167;;;;;6682.0;0.0
-1;103900;JAMS;6681.0;244.0;;;;;6683;244;;;;;6682.0;0.0
-1;104000;JAMS;6682.0;74.0;6681.0;120.0;;;6683;74;6684.0;120.0;;;6682.5;0.0
-1;104100;JAMS;6681.0;225.0;;;;;6683;225;;;;;6682.0;0.0
-1;104200;JAMS;6681.0;171.0;;;;;6683;171;;;;;6682.0;0.0
-1;104300;JAMS;6681.0;207.0;;;;;6683;207;;;;;6682.0;0.0
-1;104400;JAMS;6681.0;253.0;;;;;6683;253;;;;;6682.0;0.0
-1;104500;JAMS;6681.0;191.0;;;;;6683;191;;;;;6682.0;0.0
-1;104600;JAMS;6681.0;270.0;;;;;6683;270;;;;;6682.0;0.0
-1;104700;JAMS;6681.0;215.0;;;;;6683;215;;;;;6682.0;0.0
-1;104800;JAMS;6681.0;227.0;;;;;6683;227;;;;;6682.0;0.0
-1;104900;JAMS;6681.0;257.0;;;;;6683;257;;;;;6682.0;0.0
-1;105000;JAMS;6680.0;239.0;;;;;6682;239;;;;;6681.0;0.0
-1;105100;JAMS;6680.0;174.0;;;;;6682;174;;;;;6681.0;0.0
-1;105200;JAMS;6680.0;276.0;;;;;6682;276;;;;;6681.0;0.0
-1;105300;JAMS;6681.0;52.0;6680.0;143.0;;;6682;52;6683.0;143.0;;;6681.5;0.0
-1;105400;JAMS;6680.0;81.0;6679.0;173.0;;;6681;69;6682.0;173.0;;;6680.5;0.0
-1;105500;JAMS;6681.0;5.0;6680.0;214.0;;;6682;214;;;;;6681.0;0.0
-1;105600;JAMS;6680.0;179.0;;;;;6682;179;;;;;6681.0;0.0
-1;105700;JAMS;6680.0;271.0;;;;;6682;271;;;;;6681.0;0.0
-1;105800;JAMS;6680.0;78.0;6679.0;138.0;;;6681;78;6682.0;138.0;;;6680.5;0.0
-1;105900;JAMS;6679.0;229.0;;;;;6681;229;;;;;6680.0;0.0
-1;106000;JAMS;6680.0;89.0;6679.0;170.0;;;6681;89;6682.0;170.0;;;6680.5;0.0
-1;106100;JAMS;6680.0;243.0;;;;;6682;243;;;;;6681.0;0.0
-1;106200;JAMS;6680.0;230.0;;;;;6682;230;;;;;6681.0;0.0
-1;106300;JAMS;6680.0;66.0;6679.0;133.0;;;6681;66;6682.0;133.0;;;6680.5;0.0
-1;106400;JAMS;6680.0;70.0;6679.0;171.0;;;6681;70;6682.0;171.0;;;6680.5;0.0
-1;106500;JAMS;6679.0;267.0;;;;;6681;267;;;;;6680.0;0.0
-1;106600;JAMS;6680.0;207.0;;;;;6682;207;;;;;6681.0;0.0
-1;106700;JAMS;6680.0;164.0;;;;;6682;164;;;;;6681.0;0.0
-1;106800;JAMS;6680.0;190.0;;;;;6682;190;;;;;6681.0;0.0
-1;106900;JAMS;6680.0;215.0;;;;;6682;204;;;;;6681.0;0.0
-1;107000;JAMS;6680.0;195.0;;;;;6682;195;;;;;6681.0;0.0
-1;107100;JAMS;6680.0;224.0;;;;;6682;224;;;;;6681.0;0.0
-1;107200;JAMS;6680.0;240.0;;;;;6682;240;;;;;6681.0;0.0
-1;107300;JAMS;6680.0;206.0;;;;;6682;206;;;;;6681.0;0.0
-1;107400;JAMS;6680.0;204.0;;;;;6682;204;;;;;6681.0;0.0
-1;107500;JAMS;6680.0;241.0;;;;;6682;237;;;;;6681.0;0.0
-1;107600;JAMS;6680.0;208.0;;;;;6682;208;;;;;6681.0;0.0
-1;107700;JAMS;6680.0;208.0;;;;;6682;208;;;;;6681.0;0.0
-1;107800;JAMS;6679.0;257.0;;;;;6681;257;;;;;6680.0;0.0
-1;107900;JAMS;6678.0;300.0;;;;;6680;300;;;;;6679.0;0.0
-1;108000;JAMS;6678.0;210.0;;;;;6680;210;;;;;6679.0;0.0
-1;108100;JAMS;6679.0;79.0;6678.0;107.0;;;6680;79;6681.0;107.0;;;6679.5;0.0
-1;108200;JAMS;6679.0;228.0;;;;;6681;219;;;;;6680.0;0.0
-1;108300;JAMS;6679.0;174.0;;;;;6681;174;;;;;6680.0;0.0
-1;108400;JAMS;6679.0;197.0;;;;;6681;194;;;;;6680.0;0.0
-1;108500;JAMS;6679.0;266.0;;;;;6681;266;;;;;6680.0;0.0
-1;108600;JAMS;6679.0;176.0;;;;;6681;176;;;;;6680.0;0.0
-1;108700;JAMS;6679.0;286.0;;;;;6681;286;;;;;6680.0;0.0
-1;108800;JAMS;6679.0;203.0;;;;;6681;203;;;;;6680.0;0.0
-1;108900;JAMS;6680.0;66.0;6679.0;138.0;;;6681;66;6682.0;138.0;;;6680.5;0.0
-1;109000;JAMS;6680.0;70.0;6679.0;195.0;;;6681;79;6682.0;195.0;;;6680.5;0.0
-1;109100;JAMS;6680.0;75.0;6679.0;195.0;;;6681;75;6682.0;195.0;;;6680.5;0.0
-1;109200;JAMS;6680.0;210.0;;;;;6682;210;;;;;6681.0;0.0
-1;109300;JAMS;6681.0;69.0;6680.0;142.0;;;6682;69;6683.0;142.0;;;6681.5;0.0
-1;109400;JAMS;6681.0;65.0;6680.0;163.0;;;6682;65;6683.0;163.0;;;6681.5;0.0
-1;109500;JAMS;6681.0;60.0;6680.0;199.0;;;6682;60;6683.0;199.0;;;6681.5;0.0
-1;109600;JAMS;6681.0;64.0;6680.0;178.0;;;6682;64;6683.0;178.0;;;6681.5;0.0
-1;109700;JAMS;6681.0;225.0;;;;;6683;225;;;;;6682.0;0.0
-1;109800;JAMS;6681.0;160.0;;;;;6683;160;;;;;6682.0;0.0
-1;109900;JAMS;6682.0;270.0;;;;;6684;270;;;;;6683.0;0.0
-1;110000;JAMS;6682.0;227.0;;;;;6684;227;;;;;6683.0;0.0
-1;110100;JAMS;6682.0;210.0;;;;;6684;210;;;;;6683.0;0.0
-1;110200;JAMS;6682.0;229.0;;;;;6684;229;;;;;6683.0;0.0
-1;110300;JAMS;6682.0;57.0;6681.0;169.0;;;6683;57;6684.0;169.0;;;6682.5;0.0
-1;110400;JAMS;6682.0;237.0;;;;;6684;237;;;;;6683.0;0.0
-1;110500;JAMS;6682.0;59.0;6681.0;190.0;;;6683;59;6684.0;190.0;;;6682.5;0.0
-1;110600;JAMS;6682.0;237.0;;;;;6684;237;;;;;6683.0;0.0
-1;110700;JAMS;6682.0;207.0;;;;;6684;207;;;;;6683.0;0.0
-1;110800;JAMS;6682.0;288.0;;;;;6684;288;;;;;6683.0;0.0
-1;110900;JAMS;6682.0;195.0;;;;;6684;195;;;;;6683.0;0.0
-1;111000;JAMS;6683.0;253.0;;;;;6685;253;;;;;6684.0;0.0
-1;111100;JAMS;6683.0;66.0;6682.0;153.0;;;6684;66;6685.0;153.0;;;6683.5;0.0
-1;111200;JAMS;6683.0;263.0;;;;;6685;263;;;;;6684.0;0.0
-1;111300;JAMS;6683.0;217.0;;;;;6685;217;;;;;6684.0;0.0
-1;111400;JAMS;6683.0;83.0;6682.0;119.0;;;6684;83;6685.0;119.0;;;6683.5;0.0
-1;111500;JAMS;6683.0;207.0;;;;;6685;207;;;;;6684.0;0.0
-1;111600;JAMS;6683.0;227.0;;;;;6685;227;;;;;6684.0;0.0
-1;111700;JAMS;6684.0;93.0;6683.0;131.0;;;6685;93;6686.0;131.0;;;6684.5;0.0
-1;111800;JAMS;6684.0;76.0;6683.0;147.0;;;6685;76;6686.0;147.0;;;6684.5;0.0
-1;111900;JAMS;6684.0;204.0;;;;;6686;204;;;;;6685.0;0.0
-1;112000;JAMS;6685.0;279.0;;;;;6687;279;;;;;6686.0;0.0
-1;112100;JAMS;6685.0;256.0;;;;;6687;256;;;;;6686.0;0.0
-1;112200;JAMS;6686.0;271.0;;;;;6688;271;;;;;6687.0;0.0
-1;112300;JAMS;6688.0;265.0;;;;;6690;265;;;;;6689.0;0.0
-1;112400;JAMS;6688.0;233.0;;;;;6690;233;;;;;6689.0;0.0
-1;112500;JAMS;6689.0;93.0;6688.0;134.0;;;6690;93;6691.0;134.0;;;6689.5;0.0
-1;112600;JAMS;6688.0;163.0;;;;;6690;163;;;;;6689.0;0.0
-1;112700;JAMS;6689.0;49.0;6688.0;200.0;;;6690;60;6691.0;200.0;;;6689.5;0.0
-1;112800;JAMS;6688.0;219.0;;;;;6690;219;;;;;6689.0;0.0
-1;112900;JAMS;6689.0;83.0;6688.0;180.0;;;6690;83;6691.0;180.0;;;6689.5;0.0
-1;113000;JAMS;6688.0;57.0;6687.0;181.0;;;6689;57;6690.0;181.0;;;6688.5;0.0
-1;113100;JAMS;6688.0;89.0;6687.0;167.0;;;6689;89;6690.0;167.0;;;6688.5;0.0
-1;113200;JAMS;6687.0;189.0;;;;;6689;189;;;;;6688.0;0.0
-1;113300;JAMS;6687.0;255.0;;;;;6689;255;;;;;6688.0;0.0
-1;113400;JAMS;6687.0;259.0;;;;;6689;259;;;;;6688.0;0.0
-1;113500;JAMS;6687.0;200.0;;;;;6689;200;;;;;6688.0;0.0
-1;113600;JAMS;6687.0;203.0;;;;;6689;203;;;;;6688.0;0.0
-1;113700;JAMS;6686.0;197.0;;;;;6688;197;;;;;6687.0;0.0
-1;113800;JAMS;6687.0;76.0;6686.0;192.0;;;6688;76;6689.0;192.0;;;6687.5;0.0
-1;113900;JAMS;6687.0;51.0;6686.0;157.0;;;6688;51;6689.0;157.0;;;6687.5;0.0
-1;114000;JAMS;6686.0;70.0;6685.0;109.0;;;6687;79;6688.0;109.0;;;6686.5;0.0
-1;114100;JAMS;6685.0;282.0;;;;;6687;282;;;;;6686.0;0.0
-1;114200;JAMS;6685.0;215.0;;;;;6687;215;;;;;6686.0;0.0
-1;114300;JAMS;6686.0;65.0;6685.0;200.0;;;6687;65;6688.0;200.0;;;6686.5;0.0
-1;114400;JAMS;6687.0;67.0;6686.0;108.0;;;6688;67;6689.0;108.0;;;6687.5;0.0
-1;114500;JAMS;6687.0;247.0;;;;;6689;247;;;;;6688.0;0.0
-1;114600;JAMS;6687.0;156.0;;;;;6689;156;;;;;6688.0;0.0
-1;114700;JAMS;6687.0;242.0;;;;;6689;242;;;;;6688.0;0.0
-1;114800;JAMS;6688.0;241.0;;;;;6690;241;;;;;6689.0;0.0
-1;114900;JAMS;6688.0;233.0;;;;;6690;233;;;;;6689.0;0.0
-1;115000;JAMS;6688.0;275.0;;;;;6690;275;;;;;6689.0;0.0
-1;115100;JAMS;6688.0;173.0;;;;;6690;173;;;;;6689.0;0.0
-1;115200;JAMS;6688.0;250.0;;;;;6690;250;;;;;6689.0;0.0
-1;115300;JAMS;6688.0;3.0;6687.0;243.0;;;6689;243;;;;;6688.0;0.0
-1;115400;JAMS;6688.0;99.0;6687.0;176.0;;;6689;92;6690.0;176.0;;;6688.5;0.0
-1;115500;JAMS;6688.0;240.0;;;;;6690;240;;;;;6689.0;0.0
-1;115600;JAMS;6688.0;209.0;;;;;6690;209;;;;;6689.0;0.0
-1;115700;JAMS;6688.0;189.0;;;;;6690;189;;;;;6689.0;0.0
-1;115800;JAMS;6688.0;255.0;;;;;6690;255;;;;;6689.0;0.0
-1;115900;JAMS;6688.0;210.0;;;;;6690;210;;;;;6689.0;0.0
-1;116000;JAMS;6689.0;203.0;;;;;6691;203;;;;;6690.0;0.0
-1;116100;JAMS;6690.0;77.0;6689.0;128.0;;;6691;77;6692.0;128.0;;;6690.5;0.0
-1;116200;JAMS;6690.0;68.0;6689.0;187.0;;;6691;68;6692.0;187.0;;;6690.5;0.0
-1;116300;JAMS;6690.0;218.0;;;;;6692;218;;;;;6691.0;0.0
-1;116400;JAMS;6691.0;243.0;;;;;6693;243;;;;;6692.0;0.0
-1;116500;JAMS;6691.0;169.0;;;;;6693;169;;;;;6692.0;0.0
-1;116600;JAMS;6690.0;86.0;6689.0;179.0;;;6691;86;6692.0;179.0;;;6690.5;0.0
-1;116700;JAMS;6690.0;94.0;6689.0;150.0;;;6691;94;6692.0;150.0;;;6690.5;0.0
-1;116800;JAMS;6690.0;91.0;6689.0;181.0;;;6691;91;6692.0;181.0;;;6690.5;0.0
-1;116900;JAMS;6689.0;198.0;;;;;6691;198;;;;;6690.0;0.0
-1;117000;JAMS;6689.0;189.0;;;;;6691;189;;;;;6690.0;0.0
-1;117100;JAMS;6689.0;187.0;;;;;6691;187;;;;;6690.0;0.0
-1;117200;JAMS;6689.0;288.0;;;;;6691;288;;;;;6690.0;0.0
-1;117300;JAMS;6689.0;182.0;;;;;6691;182;;;;;6690.0;0.0
-1;117400;JAMS;6689.0;67.0;6688.0;191.0;;;6690;67;6691.0;191.0;;;6689.5;0.0
-1;117500;JAMS;6689.0;58.0;6688.0;187.0;;;6690;58;6691.0;187.0;;;6689.5;0.0
-1;117600;JAMS;6690.0;92.0;6689.0;183.0;;;6691;92;6692.0;183.0;;;6690.5;0.0
-1;117700;JAMS;6689.0;214.0;;;;;6691;214;;;;;6690.0;0.0
-1;117800;JAMS;6689.0;208.0;;;;;6691;208;;;;;6690.0;0.0
-1;117900;JAMS;6690.0;67.0;6689.0;195.0;;;6691;67;6692.0;195.0;;;6690.5;0.0
-1;118000;JAMS;6689.0;260.0;;;;;6691;260;;;;;6690.0;0.0
-1;118100;JAMS;6689.0;230.0;;;;;6691;230;;;;;6690.0;0.0
-1;118200;JAMS;6689.0;231.0;;;;;6691;231;;;;;6690.0;0.0
-1;118300;JAMS;6689.0;270.0;;;;;6691;263;;;;;6690.0;0.0
-1;118400;JAMS;6689.0;62.0;6688.0;148.0;;;6690;62;6691.0;148.0;;;6689.5;0.0
-1;118500;JAMS;6689.0;183.0;;;;;6691;183;;;;;6690.0;0.0
-1;118600;JAMS;6689.0;77.0;6688.0;185.0;;;6690;77;6691.0;185.0;;;6689.5;0.0
-1;118700;JAMS;6688.0;233.0;;;;;6690;233;;;;;6689.0;0.0
-1;118800;JAMS;6689.0;53.0;6688.0;188.0;;;6690;53;6691.0;188.0;;;6689.5;0.0
-1;118900;JAMS;6689.0;245.0;;;;;6691;245;;;;;6690.0;0.0
-1;119000;JAMS;6689.0;219.0;;;;;6691;219;;;;;6690.0;0.0
-1;119100;JAMS;6689.0;228.0;;;;;6691;228;;;;;6690.0;0.0
-1;119200;JAMS;6689.0;190.0;;;;;6691;190;;;;;6690.0;0.0
-1;119300;JAMS;6689.0;52.0;6688.0;138.0;;;6690;52;6691.0;138.0;;;6689.5;0.0
-1;119400;JAMS;6688.0;52.0;6687.0;122.0;;;6689;52;6690.0;122.0;;;6688.5;0.0
-1;119500;JAMS;6688.0;183.0;;;;;6690;183;;;;;6689.0;0.0
-1;119600;JAMS;6689.0;89.0;6688.0;174.0;;;6690;89;6691.0;174.0;;;6689.5;0.0
-1;119700;JAMS;6689.0;68.0;6688.0;173.0;;;6690;68;6691.0;173.0;;;6689.5;0.0
-1;119800;JAMS;6689.0;92.0;6688.0;111.0;;;6690;92;6691.0;111.0;;;6689.5;0.0
-1;119900;JAMS;6689.0;218.0;;;;;6691;218;;;;;6690.0;0.0
-1;120000;JAMS;6690.0;69.0;6689.0;163.0;;;6691;69;6692.0;163.0;;;6690.5;0.0
-1;120100;JAMS;6690.0;205.0;;;;;6692;205;;;;;6691.0;0.0
-1;120200;JAMS;6690.0;178.0;;;;;6692;178;;;;;6691.0;0.0
-1;120300;JAMS;6690.0;75.0;6689.0;187.0;;;6691;75;6692.0;187.0;;;6690.5;0.0
-1;120400;JAMS;6690.0;225.0;;;;;6692;225;;;;;6691.0;0.0
-1;120500;JAMS;6690.0;55.0;6689.0;129.0;;;6691;55;6692.0;129.0;;;6690.5;0.0
-1;120600;JAMS;6690.0;84.0;6689.0;125.0;;;6691;84;6692.0;125.0;;;6690.5;0.0
-1;120700;JAMS;6690.0;82.0;6689.0;145.0;;;6691;82;6692.0;145.0;;;6690.5;0.0
-1;120800;JAMS;6689.0;154.0;;;;;6691;154;;;;;6690.0;0.0
-1;120900;JAMS;6689.0;243.0;;;;;6691;243;;;;;6690.0;0.0
-1;121000;JAMS;6690.0;72.0;6689.0;197.0;;;6691;72;6692.0;197.0;;;6690.5;0.0
-1;121100;JAMS;6691.0;57.0;6690.0;103.0;;;6692;57;6693.0;103.0;;;6691.5;0.0
-1;121200;JAMS;6692.0;236.0;;;;;6694;236;;;;;6693.0;0.0
-1;121300;JAMS;6693.0;190.0;;;;;6695;190;;;;;6694.0;0.0
-1;121400;JAMS;6693.0;161.0;;;;;6695;161;;;;;6694.0;0.0
-1;121500;JAMS;6693.0;51.0;6692.0;103.0;;;6694;51;6695.0;103.0;;;6693.5;0.0
-1;121600;JAMS;6692.0;68.0;6691.0;124.0;;;6693;68;6694.0;124.0;;;6692.5;0.0
-1;121700;JAMS;6692.0;60.0;6691.0;122.0;;;6693;60;6694.0;122.0;;;6692.5;0.0
-1;121800;JAMS;6691.0;189.0;;;;;6693;189;;;;;6692.0;0.0
-1;121900;JAMS;6692.0;213.0;;;;;6694;213;;;;;6693.0;0.0
-1;122000;JAMS;6692.0;166.0;;;;;6694;166;;;;;6693.0;0.0
-1;122100;JAMS;6691.0;245.0;;;;;6693;245;;;;;6692.0;0.0
-1;122200;JAMS;6691.0;267.0;;;;;6693;267;;;;;6692.0;0.0
-1;122300;JAMS;6691.0;212.0;;;;;6693;212;;;;;6692.0;0.0
-1;122400;JAMS;6690.0;263.0;;;;;6692;263;;;;;6691.0;0.0
-1;122500;JAMS;6691.0;99.0;6690.0;162.0;;;6692;99;6693.0;162.0;;;6691.5;0.0
-1;122600;JAMS;6691.0;195.0;;;;;6693;195;;;;;6692.0;0.0
-1;122700;JAMS;6692.0;73.0;6691.0;105.0;;;6693;73;6694.0;105.0;;;6692.5;0.0
-1;122800;JAMS;6692.0;56.0;6691.0;105.0;;;6693;56;6694.0;105.0;;;6692.5;0.0
-1;122900;JAMS;6692.0;84.0;6691.0;188.0;;;6693;84;6694.0;188.0;;;6692.5;0.0
-1;123000;JAMS;6691.0;251.0;;;;;6693;251;;;;;6692.0;0.0
-1;123100;JAMS;6692.0;5.0;6691.0;251.0;;;6693;251;;;;;6692.0;0.0
-1;123200;JAMS;6692.0;97.0;6691.0;151.0;;;6693;97;6694.0;151.0;;;6692.5;0.0
-1;123300;JAMS;6691.0;258.0;;;;;6693;258;;;;;6692.0;0.0
-1;123400;JAMS;6692.0;77.0;6691.0;173.0;;;6693;77;6694.0;173.0;;;6692.5;0.0
-1;123500;JAMS;6692.0;54.0;6691.0;121.0;;;6693;54;6694.0;121.0;;;6692.5;0.0
-1;123600;JAMS;6692.0;56.0;6691.0;117.0;;;6693;56;6694.0;117.0;;;6692.5;0.0
-1;123700;JAMS;6692.0;77.0;6691.0;199.0;;;6693;77;6694.0;199.0;;;6692.5;0.0
-1;123800;JAMS;6691.0;199.0;;;;;6693;199;;;;;6692.0;0.0
-1;123900;JAMS;6691.0;217.0;;;;;6693;217;;;;;6692.0;0.0
-1;124000;JAMS;6691.0;72.0;6690.0;145.0;;;6692;72;6693.0;145.0;;;6691.5;0.0
-1;124100;JAMS;6691.0;249.0;;;;;6693;249;;;;;6692.0;0.0
-1;124200;JAMS;6691.0;199.0;;;;;6693;190;;;;;6692.0;0.0
-1;124300;JAMS;6691.0;257.0;;;;;6693;257;;;;;6692.0;0.0
-1;124400;JAMS;6691.0;222.0;;;;;6693;222;;;;;6692.0;0.0
-1;124500;JAMS;6691.0;232.0;;;;;6693;232;;;;;6692.0;0.0
-1;124600;JAMS;6691.0;248.0;;;;;6693;248;;;;;6692.0;0.0
-1;124700;JAMS;6691.0;194.0;;;;;6693;194;;;;;6692.0;0.0
-1;124800;JAMS;6691.0;199.0;;;;;6693;199;;;;;6692.0;0.0
-1;124900;JAMS;6691.0;188.0;;;;;6693;188;;;;;6692.0;0.0
-1;125000;JAMS;6691.0;67.0;6690.0;152.0;;;6692;67;6693.0;152.0;;;6691.5;0.0
-1;125100;JAMS;6691.0;78.0;6690.0;113.0;;;6692;78;6693.0;113.0;;;6691.5;0.0
-1;125200;JAMS;6690.0;271.0;;;;;6692;271;;;;;6691.0;0.0
-1;125300;JAMS;6690.0;57.0;6689.0;191.0;;;6691;57;6692.0;191.0;;;6690.5;0.0
-1;125400;JAMS;6690.0;74.0;6689.0;188.0;;;6691;74;6692.0;188.0;;;6690.5;0.0
-1;125500;JAMS;6689.0;254.0;;;;;6691;254;;;;;6690.0;0.0
-1;125600;JAMS;6689.0;223.0;;;;;6691;223;;;;;6690.0;0.0
-1;125700;JAMS;6690.0;74.0;6689.0;192.0;;;6691;74;6692.0;192.0;;;6690.5;0.0
-1;125800;JAMS;6689.0;205.0;;;;;6691;205;;;;;6690.0;0.0
-1;125900;JAMS;6690.0;86.0;6689.0;134.0;;;6691;86;6692.0;134.0;;;6690.5;0.0
-1;126000;JAMS;6690.0;262.0;;;;;6692;262;;;;;6691.0;0.0
-1;126100;JAMS;6690.0;243.0;;;;;6692;243;;;;;6691.0;0.0
-1;126200;JAMS;6691.0;80.0;6690.0;192.0;;;6692;80;6693.0;192.0;;;6691.5;0.0
-1;126300;JAMS;6690.0;228.0;;;;;6692;228;;;;;6691.0;0.0
-1;126400;JAMS;6691.0;76.0;6690.0;123.0;;;6692;76;6693.0;123.0;;;6691.5;0.0
-1;126500;JAMS;6691.0;64.0;6690.0;184.0;;;6692;64;6693.0;184.0;;;6691.5;0.0
-1;126600;JAMS;6691.0;81.0;6690.0;170.0;;;6692;81;6693.0;170.0;;;6691.5;0.0
-1;126700;JAMS;6691.0;281.0;;;;;6693;281;;;;;6692.0;0.0
-1;126800;JAMS;6691.0;170.0;;;;;6693;170;;;;;6692.0;0.0
-1;126900;JAMS;6692.0;293.0;;;;;6694;293;;;;;6693.0;0.0
-1;127000;JAMS;6692.0;77.0;6691.0;193.0;;;6693;77;6694.0;193.0;;;6692.5;0.0
-1;127100;JAMS;6691.0;271.0;;;;;6693;271;;;;;6692.0;0.0
-1;127200;JAMS;6692.0;55.0;6691.0;147.0;;;6693;55;6694.0;147.0;;;6692.5;0.0
-1;127300;JAMS;6691.0;254.0;;;;;6693;254;;;;;6692.0;0.0
-1;127400;JAMS;6691.0;237.0;;;;;6693;237;;;;;6692.0;0.0
-1;127500;JAMS;6691.0;221.0;;;;;6693;221;;;;;6692.0;0.0
-1;127600;JAMS;6691.0;100.0;6690.0;113.0;;;6692;100;6693.0;113.0;;;6691.5;0.0
-1;127700;JAMS;6691.0;50.0;6690.0;199.0;;;6692;50;6693.0;199.0;;;6691.5;0.0
-1;127800;JAMS;6690.0;233.0;;;;;6692;233;;;;;6691.0;0.0
-1;127900;JAMS;6690.0;218.0;;;;;6692;218;;;;;6691.0;0.0
-1;128000;JAMS;6690.0;84.0;6689.0;134.0;;;6691;78;6692.0;134.0;;;6690.5;0.0
-1;128100;JAMS;6690.0;219.0;;;;;6692;219;;;;;6691.0;0.0
-1;128200;JAMS;6690.0;232.0;;;;;6692;232;;;;;6691.0;0.0
-1;128300;JAMS;6690.0;200.0;;;;;6692;200;;;;;6691.0;0.0
-1;128400;JAMS;6691.0;12.0;6690.0;198.0;;;6692;198;;;;;6691.0;0.0
-1;128500;JAMS;6690.0;228.0;;;;;6692;228;;;;;6691.0;0.0
-1;128600;JAMS;6690.0;234.0;;;;;6692;234;;;;;6691.0;0.0
-1;128700;JAMS;6690.0;186.0;;;;;6692;186;;;;;6691.0;0.0
-1;128800;JAMS;6690.0;89.0;6689.0;138.0;;;6691;89;6692.0;138.0;;;6690.5;0.0
-1;128900;JAMS;6690.0;235.0;;;;;6692;235;;;;;6691.0;0.0
-1;129000;JAMS;6690.0;223.0;;;;;6692;223;;;;;6691.0;0.0
-1;129100;JAMS;6690.0;234.0;;;;;6692;234;;;;;6691.0;0.0
-1;129200;JAMS;6690.0;170.0;;;;;6692;170;;;;;6691.0;0.0
-1;129300;JAMS;6690.0;208.0;;;;;6692;208;;;;;6691.0;0.0
-1;129400;JAMS;6690.0;180.0;;;;;6692;180;;;;;6691.0;0.0
-1;129500;JAMS;6690.0;86.0;6689.0;108.0;;;6691;86;6692.0;108.0;;;6690.5;0.0
-1;129600;JAMS;6690.0;254.0;;;;;6692;254;;;;;6691.0;0.0
-1;129700;JAMS;6690.0;73.0;6689.0;196.0;;;6691;73;6692.0;196.0;;;6690.5;0.0
-1;129800;JAMS;6690.0;96.0;6689.0;180.0;;;6691;91;6692.0;180.0;;;6690.5;0.0
-1;129900;JAMS;6690.0;75.0;6689.0;105.0;;;6691;75;6692.0;105.0;;;6690.5;0.0
-1;130000;JAMS;6690.0;251.0;;;;;6692;251;;;;;6691.0;0.0
-1;130100;JAMS;6690.0;276.0;;;;;6692;276;;;;;6691.0;0.0
-1;130200;JAMS;6690.0;189.0;;;;;6692;189;;;;;6691.0;0.0
-1;130300;JAMS;6690.0;254.0;;;;;6692;254;;;;;6691.0;0.0
-1;130400;JAMS;6690.0;237.0;;;;;6692;237;;;;;6691.0;0.0
-1;130500;JAMS;6690.0;263.0;;;;;6692;263;;;;;6691.0;0.0
-1;130600;JAMS;6689.0;237.0;;;;;6690;11;6691.0;237.0;;;6690.0;0.0
-1;130700;JAMS;6689.0;259.0;;;;;6691;259;;;;;6690.0;0.0
-1;130800;JAMS;6689.0;224.0;;;;;6691;224;;;;;6690.0;0.0
-1;130900;JAMS;6689.0;230.0;;;;;6691;230;;;;;6690.0;0.0
-1;131000;JAMS;6688.0;265.0;;;;;6690;265;;;;;6689.0;0.0
-1;131100;JAMS;6689.0;100.0;6688.0;169.0;;;6690;100;6691.0;169.0;;;6689.5;0.0
-1;131200;JAMS;6688.0;215.0;;;;;6690;215;;;;;6689.0;0.0
-1;131300;JAMS;6688.0;259.0;;;;;6690;259;;;;;6689.0;0.0
-1;131400;JAMS;6689.0;92.0;6688.0;183.0;;;6690;92;6691.0;183.0;;;6689.5;0.0
-1;131500;JAMS;6689.0;72.0;6688.0;142.0;;;6690;72;6691.0;142.0;;;6689.5;0.0
-1;131600;JAMS;6688.0;232.0;;;;;6690;232;;;;;6689.0;0.0
-1;131700;JAMS;6688.0;251.0;;;;;6690;251;;;;;6689.0;0.0
-1;131800;JAMS;6688.0;59.0;6687.0;178.0;;;6689;59;6690.0;178.0;;;6688.5;0.0
-1;131900;JAMS;6687.0;81.0;6686.0;190.0;;;6688;81;6689.0;190.0;;;6687.5;0.0
-1;132000;JAMS;6687.0;249.0;;;;;6689;249;;;;;6688.0;0.0
-1;132100;JAMS;6687.0;65.0;6686.0;164.0;;;6688;65;6689.0;164.0;;;6687.5;0.0
-1;132200;JAMS;6687.0;84.0;6686.0;193.0;;;6688;84;6689.0;193.0;;;6687.5;0.0
-1;132300;JAMS;6687.0;255.0;;;;;6689;255;;;;;6688.0;0.0
-1;132400;JAMS;6687.0;225.0;;;;;6689;225;;;;;6688.0;0.0
-1;132500;JAMS;6688.0;10.0;6687.0;217.0;;;6689;217;;;;;6688.0;0.0
-1;132600;JAMS;6688.0;243.0;;;;;6690;243;;;;;6689.0;0.0
-1;132700;JAMS;6688.0;206.0;;;;;6690;206;;;;;6689.0;0.0
-1;132800;JAMS;6688.0;79.0;6687.0;133.0;;;6689;79;6690.0;133.0;;;6688.5;0.0
-1;132900;JAMS;6688.0;76.0;6687.0;166.0;;;6689;76;6690.0;166.0;;;6688.5;0.0
-1;133000;JAMS;6688.0;65.0;6687.0;162.0;;;6689;65;6690.0;162.0;;;6688.5;0.0
-1;133100;JAMS;6687.0;173.0;;;;;6689;173;;;;;6688.0;0.0
-1;133200;JAMS;6687.0;286.0;;;;;6689;286;;;;;6688.0;0.0
-1;133300;JAMS;6687.0;235.0;;;;;6689;235;;;;;6688.0;0.0
-1;133400;JAMS;6687.0;226.0;;;;;6689;226;;;;;6688.0;0.0
-1;133500;JAMS;6687.0;56.0;6686.0;147.0;;;6688;56;6689.0;147.0;;;6687.5;0.0
-1;133600;JAMS;6687.0;99.0;6686.0;124.0;;;6688;99;6689.0;124.0;;;6687.5;0.0
-1;133700;JAMS;6687.0;64.0;6686.0;165.0;;;6688;64;6689.0;165.0;;;6687.5;0.0
-1;133800;JAMS;6686.0;249.0;;;;;6688;249;;;;;6687.0;0.0
-1;133900;JAMS;6686.0;210.0;;;;;6688;210;;;;;6687.0;0.0
-1;134000;JAMS;6686.0;241.0;;;;;6688;241;;;;;6687.0;0.0
-1;134100;JAMS;6686.0;217.0;;;;;6688;217;;;;;6687.0;0.0
-1;134200;JAMS;6686.0;239.0;;;;;6688;239;;;;;6687.0;0.0
-1;134300;JAMS;6686.0;60.0;6685.0;131.0;;;6687;60;6688.0;131.0;;;6686.5;0.0
-1;134400;JAMS;6686.0;87.0;6685.0;174.0;;;6687;87;6688.0;174.0;;;6686.5;0.0
-1;134500;JAMS;6686.0;255.0;;;;;6688;261;;;;;6687.0;0.0
-1;134600;JAMS;6685.0;178.0;;;;;6687;178;;;;;6686.0;0.0
-1;134700;JAMS;6686.0;68.0;6685.0;175.0;;;6687;68;6688.0;175.0;;;6686.5;0.0
-1;134800;JAMS;6686.0;80.0;6685.0;150.0;;;6687;80;6688.0;150.0;;;6686.5;0.0
-1;134900;JAMS;6686.0;60.0;6685.0;151.0;;;6687;56;6688.0;151.0;;;6686.5;0.0
-1;135000;JAMS;6685.0;243.0;;;;;6687;243;;;;;6686.0;0.0
-1;135100;JAMS;6685.0;254.0;;;;;6687;254;;;;;6686.0;0.0
-1;135200;JAMS;6685.0;259.0;;;;;6687;259;;;;;6686.0;0.0
-1;135300;JAMS;6685.0;282.0;;;;;6687;282;;;;;6686.0;0.0
-1;135400;JAMS;6685.0;205.0;;;;;6687;205;;;;;6686.0;0.0
-1;135500;JAMS;6686.0;161.0;;;;;6688;161;;;;;6687.0;0.0
-1;135600;JAMS;6687.0;256.0;;;;;6689;256;;;;;6688.0;0.0
-1;135700;JAMS;6688.0;186.0;;;;;6690;186;;;;;6689.0;0.0
-1;135800;JAMS;6688.0;256.0;;;;;6690;256;;;;;6689.0;0.0
-1;135900;JAMS;6689.0;265.0;;;;;6691;265;;;;;6690.0;0.0
-1;136000;JAMS;6690.0;71.0;6689.0;192.0;;;6691;71;6692.0;192.0;;;6690.5;0.0
-1;136100;JAMS;6690.0;63.0;6689.0;139.0;;;6691;63;6692.0;139.0;;;6690.5;0.0
-1;136200;JAMS;6690.0;85.0;6689.0;175.0;;;6691;85;6692.0;175.0;;;6690.5;0.0
-1;136300;JAMS;6689.0;267.0;;;;;6691;267;;;;;6690.0;0.0
-1;136400;JAMS;6689.0;261.0;;;;;6691;261;;;;;6690.0;0.0
-1;136500;JAMS;6689.0;240.0;;;;;6691;240;;;;;6690.0;0.0
-1;136600;JAMS;6689.0;202.0;;;;;6691;202;;;;;6690.0;0.0
-1;136700;JAMS;6689.0;68.0;6688.0;117.0;;;6690;56;6691.0;117.0;;;6689.5;0.0
-1;136800;JAMS;6689.0;97.0;6688.0;127.0;;;6690;97;6691.0;127.0;;;6689.5;0.0
-1;136900;JAMS;6689.0;231.0;;;;;6691;231;;;;;6690.0;0.0
-1;137000;JAMS;6688.0;266.0;;;;;6690;266;;;;;6689.0;0.0
-1;137100;JAMS;6689.0;58.0;6688.0;148.0;;;6690;58;6691.0;148.0;;;6689.5;0.0
-1;137200;JAMS;6688.0;190.0;;;;;6690;190;;;;;6689.0;0.0
-1;137300;JAMS;6688.0;229.0;;;;;6690;229;;;;;6689.0;0.0
-1;137400;JAMS;6688.0;257.0;;;;;6690;257;;;;;6689.0;0.0
-1;137500;JAMS;6688.0;167.0;;;;;6690;167;;;;;6689.0;0.0
-1;137600;JAMS;6688.0;170.0;;;;;6690;170;;;;;6689.0;0.0
-1;137700;JAMS;6687.0;244.0;;;;;6689;244;;;;;6688.0;0.0
-1;137800;JAMS;6687.0;256.0;;;;;6689;256;;;;;6688.0;0.0
-1;137900;JAMS;6687.0;70.0;6686.0;104.0;;;6688;70;6689.0;104.0;;;6687.5;0.0
-1;138000;JAMS;6687.0;182.0;;;;;6689;182;;;;;6688.0;0.0
-1;138100;JAMS;6687.0;196.0;;;;;6689;196;;;;;6688.0;0.0
-1;138200;JAMS;6687.0;256.0;;;;;6689;256;;;;;6688.0;0.0
-1;138300;JAMS;6687.0;284.0;;;;;6689;284;;;;;6688.0;0.0
-1;138400;JAMS;6687.0;226.0;;;;;6689;226;;;;;6688.0;0.0
-1;138500;JAMS;6687.0;251.0;;;;;6689;251;;;;;6688.0;0.0
-1;138600;JAMS;6687.0;188.0;;;;;6689;188;;;;;6688.0;0.0
-1;138700;JAMS;6687.0;253.0;;;;;6689;253;;;;;6688.0;0.0
-1;138800;JAMS;6687.0;214.0;;;;;6689;214;;;;;6688.0;0.0
-1;138900;JAMS;6687.0;216.0;;;;;6689;216;;;;;6688.0;0.0
-1;139000;JAMS;6687.0;176.0;;;;;6689;184;;;;;6688.0;0.0
-1;139100;JAMS;6687.0;242.0;;;;;6689;242;;;;;6688.0;0.0
-1;139200;JAMS;6687.0;206.0;;;;;6689;206;;;;;6688.0;0.0
-1;139300;JAMS;6687.0;280.0;;;;;6689;280;;;;;6688.0;0.0
-1;139400;JAMS;6688.0;98.0;6687.0;181.0;;;6689;98;6690.0;181.0;;;6688.5;0.0
-1;139500;JAMS;6687.0;275.0;;;;;6689;275;;;;;6688.0;0.0
-1;139600;JAMS;6687.0;267.0;;;;;6689;267;;;;;6688.0;0.0
-1;139700;JAMS;6687.0;289.0;;;;;6689;289;;;;;6688.0;0.0
-1;139800;JAMS;6687.0;208.0;;;;;6689;208;;;;;6688.0;0.0
-1;139900;JAMS;6688.0;99.0;6687.0;139.0;;;6689;99;6690.0;139.0;;;6688.5;0.0
-1;140000;JAMS;6688.0;73.0;6687.0;196.0;;;6689;73;6690.0;196.0;;;6688.5;0.0
-1;140100;JAMS;6688.0;75.0;6687.0;112.0;;;6689;75;6690.0;112.0;;;6688.5;0.0
-1;140200;JAMS;6688.0;55.0;6687.0;187.0;;;6689;55;6690.0;187.0;;;6688.5;0.0
-1;140300;JAMS;6688.0;64.0;6687.0;194.0;;;6689;64;6690.0;194.0;;;6688.5;0.0
-1;140400;JAMS;6688.0;63.0;6687.0;197.0;;;6689;63;6690.0;197.0;;;6688.5;0.0
-1;140500;JAMS;6687.0;201.0;;;;;6689;201;;;;;6688.0;0.0
-1;140600;JAMS;6687.0;246.0;;;;;6689;246;;;;;6688.0;0.0
-1;140700;JAMS;6687.0;206.0;;;;;6689;201;;;;;6688.0;0.0
-1;140800;JAMS;6687.0;223.0;;;;;6689;223;;;;;6688.0;0.0
-1;140900;JAMS;6687.0;209.0;;;;;6689;209;;;;;6688.0;0.0
-1;141000;JAMS;6687.0;215.0;;;;;6689;215;;;;;6688.0;0.0
-1;141100;JAMS;6686.0;254.0;;;;;6688;254;;;;;6687.0;0.0
-1;141200;JAMS;6686.0;267.0;;;;;6688;267;;;;;6687.0;0.0
-1;141300;JAMS;6688.0;74.0;6687.0;167.0;;;6689;74;6690.0;167.0;;;6688.5;0.0
-1;141400;JAMS;6688.0;189.0;;;;;6690;189;;;;;6689.0;0.0
-1;141500;JAMS;6688.0;221.0;;;;;6690;221;;;;;6689.0;0.0
-1;141600;JAMS;6688.0;80.0;6687.0;185.0;;;6689;80;6690.0;185.0;;;6688.5;0.0
-1;141700;JAMS;6688.0;72.0;6687.0;154.0;;;6689;72;6690.0;154.0;;;6688.5;0.0
-1;141800;JAMS;6688.0;95.0;6687.0;102.0;;;6689;95;6690.0;102.0;;;6688.5;0.0
-1;141900;JAMS;6688.0;77.0;6687.0;122.0;;;6689;77;6690.0;122.0;;;6688.5;0.0
-1;142000;JAMS;6687.0;170.0;;;;;6689;170;;;;;6688.0;0.0
-1;142100;JAMS;6687.0;274.0;;;;;6689;274;;;;;6688.0;0.0
-1;142200;JAMS;6687.0;68.0;6686.0;191.0;;;6688;68;6689.0;191.0;;;6687.5;0.0
-1;142300;JAMS;6686.0;87.0;6685.0;104.0;;;6687;87;6688.0;104.0;;;6686.5;0.0
-1;142400;JAMS;6685.0;172.0;;;;;6687;172;;;;;6686.0;0.0
-1;142500;JAMS;6686.0;78.0;6685.0;117.0;;;6687;78;6688.0;117.0;;;6686.5;0.0
-1;142600;JAMS;6686.0;180.0;;;;;6688;180;;;;;6687.0;0.0
-1;142700;JAMS;6686.0;209.0;;;;;6688;209;;;;;6687.0;0.0
-1;142800;JAMS;6686.0;230.0;;;;;6688;230;;;;;6687.0;0.0
-1;142900;JAMS;6686.0;76.0;6685.0;111.0;;;6687;76;6688.0;111.0;;;6686.5;0.0
-1;143000;JAMS;6684.0;219.0;;;;;6686;219;;;;;6685.0;0.0
-1;143100;JAMS;6685.0;182.0;;;;;6687;182;;;;;6686.0;0.0
-1;143200;JAMS;6686.0;193.0;;;;;6688;193;;;;;6687.0;0.0
-1;143300;JAMS;6686.0;91.0;6685.0;111.0;;;6687;91;6688.0;111.0;;;6686.5;0.0
-1;143400;JAMS;6685.0;189.0;;;;;6687;189;;;;;6686.0;0.0
-1;143500;JAMS;6685.0;254.0;;;;;6687;254;;;;;6686.0;0.0
-1;143600;JAMS;6685.0;230.0;;;;;6687;230;;;;;6686.0;0.0
-1;143700;JAMS;6686.0;12.0;6685.0;228.0;;;6687;228;;;;;6686.0;0.0
-1;143800;JAMS;6685.0;207.0;;;;;6687;207;;;;;6686.0;0.0
-1;143900;JAMS;6685.0;211.0;;;;;6687;211;;;;;6686.0;0.0
-1;144000;JAMS;6686.0;52.0;6685.0;146.0;;;6687;52;6688.0;146.0;;;6686.5;0.0
-1;144100;JAMS;6686.0;180.0;;;;;6688;180;;;;;6687.0;0.0
-1;144200;JAMS;6686.0;209.0;;;;;6688;209;;;;;6687.0;0.0
-1;144300;JAMS;6686.0;90.0;6685.0;161.0;;;6687;90;6688.0;161.0;;;6686.5;0.0
-1;144400;JAMS;6686.0;90.0;6685.0;148.0;;;6687;90;6688.0;148.0;;;6686.5;0.0
-1;144500;JAMS;6685.0;209.0;;;;;6687;209;;;;;6686.0;0.0
-1;144600;JAMS;6685.0;228.0;;;;;6687;228;;;;;6686.0;0.0
-1;144700;JAMS;6685.0;200.0;;;;;6687;200;;;;;6686.0;0.0
-1;144800;JAMS;6685.0;232.0;;;;;6687;232;;;;;6686.0;0.0
-1;144900;JAMS;6684.0;288.0;;;;;6685;9;6686.0;288.0;;;6685.0;0.0
-1;145000;JAMS;6684.0;174.0;;;;;6686;174;;;;;6685.0;0.0
-1;145100;JAMS;6684.0;251.0;;;;;6686;251;;;;;6685.0;0.0
-1;145200;JAMS;6685.0;195.0;;;;;6687;195;;;;;6686.0;0.0
-1;145300;JAMS;6685.0;198.0;;;;;6687;198;;;;;6686.0;0.0
-1;145400;JAMS;6685.0;104.0;6684.0;102.0;;;6686;96;6687.0;102.0;;;6686.0;0.0
-1;145500;JAMS;6684.0;211.0;;;;;6686;211;;;;;6685.0;0.0
-1;145600;JAMS;6685.0;250.0;;;;;6687;250;;;;;6686.0;0.0
-1;145700;JAMS;6685.0;94.0;6684.0;177.0;;;6686;94;6687.0;177.0;;;6685.5;0.0
-1;145800;JAMS;6685.0;91.0;6684.0;153.0;;;6686;91;6687.0;153.0;;;6685.5;0.0
-1;145900;JAMS;6684.0;298.0;;;;;6686;298;;;;;6685.0;0.0
-1;146000;JAMS;6685.0;66.0;6684.0;127.0;;;6686;66;6687.0;127.0;;;6685.5;0.0
-1;146100;JAMS;6685.0;242.0;;;;;6687;238;;;;;6686.0;0.0
-1;146200;JAMS;6685.0;295.0;;;;;6687;295;;;;;6686.0;0.0
-1;146300;JAMS;6685.0;194.0;;;;;6687;194;;;;;6686.0;0.0
-1;146400;JAMS;6685.0;254.0;;;;;6687;254;;;;;6686.0;0.0
-1;146500;JAMS;6685.0;167.0;;;;;6687;167;;;;;6686.0;0.0
-1;146600;JAMS;6685.0;86.0;6684.0;141.0;;;6686;86;6687.0;141.0;;;6685.5;0.0
-1;146700;JAMS;6684.0;258.0;;;;;6686;258;;;;;6685.0;0.0
-1;146800;JAMS;6685.0;154.0;;;;;6687;154;;;;;6686.0;0.0
-1;146900;JAMS;6685.0;89.0;6684.0;172.0;;;6686;89;6687.0;172.0;;;6685.5;0.0
-1;147000;JAMS;6684.0;270.0;;;;;6686;270;;;;;6685.0;0.0
-1;147100;JAMS;6684.0;201.0;;;;;6686;201;;;;;6685.0;0.0
-1;147200;JAMS;6684.0;247.0;;;;;6686;247;;;;;6685.0;0.0
-1;147300;JAMS;6684.0;235.0;;;;;6686;235;;;;;6685.0;0.0
-1;147400;JAMS;6685.0;5.0;6684.0;272.0;;;6686;272;;;;;6685.0;0.0
-1;147500;JAMS;6685.0;76.0;6684.0;125.0;;;6686;76;6687.0;125.0;;;6685.5;0.0
-1;147600;JAMS;6684.0;210.0;;;;;6686;210;;;;;6685.0;0.0
-1;147700;JAMS;6684.0;245.0;;;;;6686;245;;;;;6685.0;0.0
-1;147800;JAMS;6684.0;158.0;;;;;6686;158;;;;;6685.0;0.0
-1;147900;JAMS;6684.0;246.0;;;;;6686;246;;;;;6685.0;0.0
-1;148000;JAMS;6684.0;152.0;;;;;6686;152;;;;;6685.0;0.0
-1;148100;JAMS;6684.0;182.0;;;;;6686;182;;;;;6685.0;0.0
-1;148200;JAMS;6684.0;208.0;;;;;6686;208;;;;;6685.0;0.0
-1;148300;JAMS;6684.0;227.0;;;;;6686;227;;;;;6685.0;0.0
-1;148400;JAMS;6684.0;196.0;;;;;6686;200;;;;;6685.0;0.0
-1;148500;JAMS;6684.0;82.0;6683.0;180.0;;;6685;82;6686.0;180.0;;;6684.5;0.0
-1;148600;JAMS;6684.0;55.0;6683.0;172.0;;;6685;55;6686.0;172.0;;;6684.5;0.0
-1;148700;JAMS;6684.0;71.0;6683.0;115.0;;;6685;62;6686.0;115.0;;;6684.5;0.0
-1;148800;JAMS;6684.0;226.0;;;;;6686;226;;;;;6685.0;0.0
-1;148900;JAMS;6684.0;255.0;;;;;6686;255;;;;;6685.0;0.0
-1;149000;JAMS;6684.0;230.0;;;;;6686;230;;;;;6685.0;0.0
-1;149100;JAMS;6683.0;237.0;;;;;6685;240;;;;;6684.0;0.0
-1;149200;JAMS;6683.0;234.0;;;;;6685;246;;;;;6684.0;0.0
-1;149300;JAMS;6683.0;210.0;;;;;6685;210;;;;;6684.0;0.0
-1;149400;JAMS;6683.0;205.0;;;;;6685;205;;;;;6684.0;0.0
-1;149500;JAMS;6683.0;264.0;;;;;6685;264;;;;;6684.0;0.0
-1;149600;JAMS;6684.0;196.0;;;;;6686;196;;;;;6685.0;0.0
-1;149700;JAMS;6684.0;215.0;;;;;6686;215;;;;;6685.0;0.0
-1;149800;JAMS;6684.0;291.0;;;;;6686;291;;;;;6685.0;0.0
-1;149900;JAMS;6684.0;178.0;;;;;6686;178;;;;;6685.0;0.0
-1;150000;JAMS;6683.0;194.0;;;;;6685;194;;;;;6684.0;0.0
-1;150100;JAMS;6683.0;256.0;;;;;6685;256;;;;;6684.0;0.0
-1;150200;JAMS;6679.0;12.0;6678.0;197.0;;;6680;197;;;;;6679.0;0.0
-1;150300;JAMS;6677.0;265.0;;;;;6679;265;;;;;6678.0;0.0
-1;150400;JAMS;6677.0;52.0;6676.0;169.0;;;6678;52;6679.0;169.0;;;6677.5;0.0
-1;150500;JAMS;6677.0;177.0;;;;;6679;177;;;;;6678.0;0.0
-1;150600;JAMS;6677.0;258.0;;;;;6679;258;;;;;6678.0;0.0
-1;150700;JAMS;6678.0;74.0;6677.0;182.0;;;6679;74;6680.0;182.0;;;6678.5;0.0
-1;150800;JAMS;6677.0;233.0;;;;;6679;233;;;;;6678.0;0.0
-1;150900;JAMS;6678.0;74.0;6677.0;143.0;;;6679;69;6680.0;143.0;;;6678.5;0.0
-1;151000;JAMS;6678.0;62.0;6677.0;188.0;;;6679;50;6680.0;188.0;;;6678.5;0.0
-1;151100;JAMS;6677.0;171.0;;;;;6679;171;;;;;6678.0;0.0
-1;151200;JAMS;6677.0;177.0;;;;;6679;177;;;;;6678.0;0.0
-1;151300;JAMS;6679.0;251.0;;;;;6681;251;;;;;6680.0;0.0
-1;151400;JAMS;6679.0;253.0;;;;;6681;253;;;;;6680.0;0.0
-1;151500;JAMS;6678.0;236.0;;;;;6680;236;;;;;6679.0;0.0
-1;151600;JAMS;6679.0;85.0;6678.0;145.0;;;6680;85;6681.0;145.0;;;6679.5;0.0
-1;151700;JAMS;6678.0;195.0;;;;;6680;195;;;;;6679.0;0.0
-1;151800;JAMS;6678.0;256.0;;;;;6680;256;;;;;6679.0;0.0
-1;151900;JAMS;6678.0;277.0;;;;;6680;277;;;;;6679.0;0.0
-1;152000;JAMS;6679.0;88.0;6678.0;152.0;;;6680;88;6681.0;152.0;;;6679.5;0.0
-1;152100;JAMS;6679.0;273.0;;;;;6681;276;;;;;6680.0;0.0
-1;152200;JAMS;6679.0;215.0;;;;;6681;215;;;;;6680.0;0.0
-1;152300;JAMS;6679.0;54.0;6678.0;142.0;;;6680;54;6681.0;142.0;;;6679.5;0.0
-1;152400;JAMS;6679.0;66.0;6678.0;111.0;;;6680;66;6681.0;111.0;;;6679.5;0.0
-1;152500;JAMS;6677.0;214.0;;;;;6679;214;;;;;6678.0;0.0
-1;152600;JAMS;6678.0;202.0;;;;;6680;199;;;;;6679.0;0.0
-1;152700;JAMS;6678.0;98.0;6677.0;105.0;;;6679;95;6680.0;105.0;;;6678.5;0.0
-1;152800;JAMS;6678.0;257.0;;;;;6680;257;;;;;6679.0;0.0
-1;152900;JAMS;6678.0;177.0;;;;;6680;177;;;;;6679.0;0.0
-1;153000;JAMS;6678.0;248.0;;;;;6680;248;;;;;6679.0;0.0
-1;153100;JAMS;6678.0;260.0;;;;;6680;260;;;;;6679.0;0.0
-1;153200;JAMS;6680.0;201.0;;;;;6682;201;;;;;6681.0;0.0
-1;153300;JAMS;6681.0;79.0;6680.0;167.0;;;6682;79;6683.0;167.0;;;6681.5;0.0
-1;153400;JAMS;6681.0;73.0;6680.0;160.0;;;6682;73;6683.0;160.0;;;6681.5;0.0
-1;153500;JAMS;6681.0;74.0;6680.0;103.0;;;6682;74;6683.0;103.0;;;6681.5;0.0
-1;153600;JAMS;6680.0;51.0;6679.0;184.0;;;6681;51;6682.0;184.0;;;6680.5;0.0
-1;153700;JAMS;6679.0;100.0;6678.0;133.0;;;6680;91;6681.0;133.0;;;6679.5;0.0
-1;153800;JAMS;6680.0;87.0;6679.0;193.0;;;6681;78;6682.0;193.0;;;6680.5;0.0
-1;153900;JAMS;6680.0;259.0;;;;;6682;259;;;;;6681.0;0.0
-1;154000;JAMS;6681.0;283.0;;;;;6683;283;;;;;6682.0;0.0
-1;154100;JAMS;6682.0;6.0;6681.0;250.0;;;6683;250;;;;;6682.0;0.0
-1;154200;JAMS;6681.0;184.0;;;;;6683;184;;;;;6682.0;0.0
-1;154300;JAMS;6681.0;250.0;;;;;6683;250;;;;;6682.0;0.0
-1;154400;JAMS;6682.0;258.0;;;;;6684;258;;;;;6683.0;0.0
-1;154500;JAMS;6682.0;169.0;;;;;6684;169;;;;;6683.0;0.0
-1;154600;JAMS;6682.0;234.0;;;;;6684;234;;;;;6683.0;0.0
-1;154700;JAMS;6682.0;283.0;;;;;6684;283;;;;;6683.0;0.0
-1;154800;JAMS;6682.0;250.0;;;;;6684;250;;;;;6683.0;0.0
-1;154900;JAMS;6683.0;4.0;6682.0;250.0;;;6684;250;;;;;6683.0;0.0
-1;155000;JAMS;6682.0;239.0;;;;;6684;239;;;;;6683.0;0.0
-1;155100;JAMS;6681.0;191.0;;;;;6683;191;;;;;6682.0;0.0
-1;155200;JAMS;6681.0;78.0;6680.0;152.0;;;6683;230;;;;;6681.5;0.0
-1;155300;JAMS;6681.0;260.0;;;;;6683;260;;;;;6682.0;0.0
-1;155400;JAMS;6680.0;177.0;;;;;6682;177;;;;;6681.0;0.0
-1;155500;JAMS;6681.0;78.0;6680.0;140.0;;;6682;81;6683.0;140.0;;;6681.5;0.0
-1;155600;JAMS;6681.0;183.0;;;;;6683;183;;;;;6682.0;0.0
-1;155700;JAMS;6681.0;99.0;6680.0;121.0;;;6682;99;6683.0;121.0;;;6681.5;0.0
-1;155800;JAMS;6681.0;294.0;;;;;6683;294;;;;;6682.0;0.0
-1;155900;JAMS;6681.0;266.0;;;;;6683;266;;;;;6682.0;0.0
-1;156000;JAMS;6681.0;258.0;;;;;6683;258;;;;;6682.0;0.0
-1;156100;JAMS;6681.0;197.0;;;;;6683;197;;;;;6682.0;0.0
-1;156200;JAMS;6682.0;77.0;6681.0;198.0;;;6683;77;6684.0;198.0;;;6682.5;0.0
-1;156300;JAMS;6680.0;214.0;;;;;6682;214;;;;;6681.0;0.0
-1;156400;JAMS;6680.0;177.0;;;;;6682;177;;;;;6681.0;0.0
-1;156500;JAMS;6680.0;191.0;;;;;6682;191;;;;;6681.0;0.0
-1;156600;JAMS;6681.0;272.0;;;;;6683;272;;;;;6682.0;0.0
-1;156700;JAMS;6682.0;91.0;6681.0;100.0;;;6683;91;6684.0;100.0;;;6682.5;0.0
-1;156800;JAMS;6682.0;237.0;;;;;6684;237;;;;;6683.0;0.0
-1;156900;JAMS;6683.0;7.0;6682.0;278.0;;;6684;278;;;;;6683.0;0.0
-1;157000;JAMS;6683.0;11.0;6682.0;244.0;;;6684;244;;;;;6683.0;0.0
-1;157100;JAMS;6682.0;218.0;;;;;6684;218;;;;;6683.0;0.0
-1;157200;JAMS;6682.0;175.0;;;;;6684;175;;;;;6683.0;0.0
-1;157300;JAMS;6682.0;199.0;;;;;6684;199;;;;;6683.0;0.0
-1;157400;JAMS;6682.0;172.0;;;;;6684;172;;;;;6683.0;0.0
-1;157500;JAMS;6682.0;203.0;;;;;6684;203;;;;;6683.0;0.0
-1;157600;JAMS;6682.0;198.0;;;;;6684;198;;;;;6683.0;0.0
-1;157700;JAMS;6682.0;231.0;;;;;6684;231;;;;;6683.0;0.0
-1;157800;JAMS;6682.0;177.0;;;;;6684;177;;;;;6683.0;0.0
-1;157900;JAMS;6682.0;243.0;;;;;6684;243;;;;;6683.0;0.0
-1;158000;JAMS;6682.0;281.0;;;;;6684;281;;;;;6683.0;0.0
-1;158100;JAMS;6682.0;53.0;6681.0;194.0;;;6683;53;6684.0;194.0;;;6682.5;0.0
-1;158200;JAMS;6682.0;65.0;6681.0;164.0;;;6683;65;6684.0;164.0;;;6682.5;0.0
-1;158300;JAMS;6681.0;207.0;;;;;6683;207;;;;;6682.0;0.0
-1;158400;JAMS;6681.0;223.0;;;;;6683;223;;;;;6682.0;0.0
-1;158500;JAMS;6681.0;190.0;;;;;6683;190;;;;;6682.0;0.0
-1;158600;JAMS;6681.0;203.0;;;;;6683;203;;;;;6682.0;0.0
-1;158700;JAMS;6681.0;257.0;;;;;6683;257;;;;;6682.0;0.0
-1;158800;JAMS;6682.0;9.0;6681.0;193.0;;;6683;193;;;;;6682.0;0.0
-1;158900;JAMS;6682.0;92.0;6681.0;142.0;;;6683;92;6684.0;142.0;;;6682.5;0.0
-1;159000;JAMS;6682.0;184.0;;;;;6684;184;;;;;6683.0;0.0
-1;159100;JAMS;6683.0;72.0;6682.0;131.0;;;6684;72;6685.0;131.0;;;6683.5;0.0
-1;159200;JAMS;6682.0;177.0;;;;;6684;63;6685.0;114.0;;;6683.5;0.0
-1;159300;JAMS;6683.0;99.0;6682.0;132.0;;;6684;99;6685.0;132.0;;;6683.5;0.0
-1;159400;JAMS;6683.0;288.0;;;;;6685;288;;;;;6684.0;0.0
-1;159500;JAMS;6683.0;173.0;;;;;6685;173;;;;;6684.0;0.0
-1;159600;JAMS;6683.0;281.0;;;;;6685;281;;;;;6684.0;0.0
-1;159700;JAMS;6684.0;67.0;6683.0;161.0;;;6685;71;6686.0;161.0;;;6684.5;0.0
-1;159800;JAMS;6684.0;83.0;6683.0;193.0;;;6685;83;6686.0;193.0;;;6684.5;0.0
-1;159900;JAMS;6683.0;220.0;;;;;6685;220;;;;;6684.0;0.0
-1;160000;JAMS;6684.0;67.0;6683.0;161.0;;;6685;58;6686.0;161.0;;;6684.5;0.0
-1;160100;JAMS;6683.0;193.0;;;;;6685;193;;;;;6684.0;0.0
-1;160200;JAMS;6683.0;188.0;;;;;6685;188;;;;;6684.0;0.0
-1;160300;JAMS;6684.0;50.0;6683.0;142.0;;;6685;50;6686.0;142.0;;;6684.5;0.0
-1;160400;JAMS;6684.0;73.0;6683.0;163.0;;;6685;73;6686.0;163.0;;;6684.5;0.0
-1;160500;JAMS;6684.0;89.0;6683.0;184.0;;;6685;89;6686.0;184.0;;;6684.5;0.0
-1;160600;JAMS;6684.0;196.0;;;;;6686;196;;;;;6685.0;0.0
-1;160700;JAMS;6686.0;84.0;6685.0;162.0;;;6688;246;;;;;6686.5;0.0
-1;160800;JAMS;6686.0;222.0;;;;;6688;222;;;;;6687.0;0.0
