day;timestamp;product;bid_price_1;bid_volume_1;bid_price_2;bid_volume_2;bid_price_3;bid_volume_3;ask_price_1;ask_volume_1;ask_price_2;ask_volume_2;ask_price_3;ask_volume_3;mid_price;profit_and_loss
1;0;MAGNIFICENT_MACARONS;624.0;20.0;622.0;12.0;617.0;23.0;631;10;639.0;23.0;644.0;12.0;627.5;0.0
1;100;MAGNIFICENT_MACARONS;627.0;14.0;625.0;12.0;620.0;21.0;634;7;642.0;21.0;647.0;12.0;630.5;0.0
1;200;MAGNIFICENT_MACARONS;627.0;10.0;625.0;15.0;620.0;21.0;634;5;642.0;21.0;647.0;15.0;630.5;0.0
1;300;MAGNIFICENT_MACARONS;629.0;14.0;627.0;14.0;622.0;26.0;636;7;644.0;26.0;649.0;14.0;632.5;0.0
1;400;MAGNIFICENT_MACARONS;628.0;18.0;625.0;16.0;620.0;26.0;635;9;643.0;26.0;648.0;16.0;631.5;0.0
1;500;MAGNIFICENT_MACARONS;631.0;10.0;629.0;16.0;624.0;23.0;638;5;646.0;23.0;651.0;16.0;634.5;0.0
1;600;MAGNIFICENT_MACARONS;631.0;12.0;628.0;17.0;623.0;28.0;638;6;646.0;28.0;651.0;17.0;634.5;0.0
1;700;MAGNIFICENT_MACARONS;630.0;20.0;627.0;11.0;622.0;22.0;637;10;645.0;22.0;650.0;11.0;633.5;0.0
1;800;MAGNIFICENT_MACARONS;631.0;10.0;629.0;19.0;624.0;24.0;638;5;646.0;24.0;651.0;19.0;634.5;0.0
1;900;MAGNIFICENT_MACARONS;630.0;20.0;627.0;12.0;622.0;20.0;637;10;645.0;20.0;650.0;12.0;633.5;0.0
1;1000;MAGNIFICENT_MACARONS;630.0;16.0;628.0;19.0;623.0;30.0;637;8;645.0;30.0;650.0;19.0;633.5;0.0
1;1100;MAGNIFICENT_MACARONS;632.0;16.0;629.0;14.0;624.0;21.0;639;8;647.0;21.0;652.0;14.0;635.5;0.0
1;1200;MAGNIFICENT_MACARONS;632.0;10.0;629.0;17.0;624.0;22.0;639;5;647.0;22.0;652.0;17.0;635.5;0.0
1;1300;MAGNIFICENT_MACARONS;629.0;10.0;627.0;12.0;622.0;25.0;637;5;645.0;25.0;651.0;12.0;633.0;0.0
1;1400;MAGNIFICENT_MACARONS;630.0;16.0;628.0;15.0;623.0;23.0;638;8;646.0;23.0;652.0;15.0;634.0;0.0
1;1500;MAGNIFICENT_MACARONS;631.0;14.0;629.0;18.0;624.0;20.0;639;7;647.0;20.0;653.0;18.0;635.0;0.0
1;1600;MAGNIFICENT_MACARONS;633.0;12.0;631.0;15.0;626.0;28.0;641;6;649.0;28.0;655.0;15.0;637.0;0.0
1;1700;MAGNIFICENT_MACARONS;638.0;20.0;636.0;11.0;631.0;28.0;646;10;654.0;28.0;660.0;11.0;642.0;0.0
1;1800;MAGNIFICENT_MACARONS;640.0;12.0;638.0;10.0;632.0;23.0;648;6;656.0;23.0;661.0;10.0;644.0;0.0
1;1900;MAGNIFICENT_MACARONS;639.0;12.0;637.0;18.0;632.0;30.0;647;6;655.0;30.0;661.0;18.0;643.0;0.0
1;2000;MAGNIFICENT_MACARONS;644.0;8.0;641.0;18.0;639.0;20.0;649;9;657.0;21.0;662.0;20.0;646.5;0.0
1;2100;MAGNIFICENT_MACARONS;640.0;16.0;638.0;17.0;633.0;26.0;648;8;656.0;26.0;662.0;17.0;644.0;0.0
1;2200;MAGNIFICENT_MACARONS;641.0;16.0;639.0;14.0;633.0;20.0;649;8;657.0;20.0;662.0;14.0;645.0;0.0
1;2300;MAGNIFICENT_MACARONS;640.0;12.0;638.0;20.0;633.0;22.0;648;6;656.0;22.0;662.0;20.0;644.0;0.0
1;2400;MAGNIFICENT_MACARONS;643.0;14.0;641.0;10.0;635.0;20.0;651;7;659.0;20.0;664.0;10.0;647.0;0.0
1;2500;MAGNIFICENT_MACARONS;647.0;16.0;645.0;16.0;640.0;21.0;655;8;663.0;21.0;669.0;16.0;651.0;0.0
1;2600;MAGNIFICENT_MACARONS;649.0;16.0;647.0;16.0;642.0;29.0;657;8;665.0;29.0;671.0;16.0;653.0;0.0
1;2700;MAGNIFICENT_MACARONS;649.0;12.0;647.0;14.0;642.0;21.0;657;6;665.0;21.0;671.0;14.0;653.0;0.0
1;2800;MAGNIFICENT_MACARONS;653.0;16.0;651.0;17.0;645.0;27.0;661;8;669.0;27.0;674.0;17.0;657.0;0.0
1;2900;MAGNIFICENT_MACARONS;657.0;18.0;655.0;14.0;649.0;20.0;665;9;673.0;20.0;678.0;14.0;661.0;0.0
1;3000;MAGNIFICENT_MACARONS;652.0;16.0;650.0;13.0;644.0;29.0;660;8;668.0;29.0;673.0;13.0;656.0;0.0
1;3100;MAGNIFICENT_MACARONS;652.0;16.0;650.0;20.0;644.0;27.0;660;8;668.0;27.0;673.0;20.0;656.0;0.0
1;3200;MAGNIFICENT_MACARONS;653.0;12.0;651.0;19.0;646.0;24.0;661;6;669.0;24.0;675.0;19.0;657.0;0.0
1;3300;MAGNIFICENT_MACARONS;656.0;20.0;654.0;10.0;648.0;24.0;664;10;672.0;24.0;677.0;10.0;660.0;0.0
1;3400;MAGNIFICENT_MACARONS;660.0;14.0;658.0;10.0;652.0;27.0;668;7;676.0;27.0;681.0;10.0;664.0;0.0
1;3500;MAGNIFICENT_MACARONS;662.0;12.0;660.0;18.0;654.0;26.0;670;6;678.0;26.0;683.0;18.0;666.0;0.0
1;3600;MAGNIFICENT_MACARONS;661.0;14.0;659.0;11.0;654.0;27.0;669;7;677.0;27.0;683.0;11.0;665.0;0.0
1;3700;MAGNIFICENT_MACARONS;664.0;12.0;662.0;17.0;656.0;25.0;672;6;680.0;25.0;685.0;17.0;668.0;0.0
1;3800;MAGNIFICENT_MACARONS;662.0;14.0;660.0;17.0;654.0;24.0;670;7;678.0;24.0;683.0;17.0;666.0;0.0
1;3900;MAGNIFICENT_MACARONS;663.0;20.0;661.0;10.0;655.0;24.0;671;10;679.0;24.0;684.0;10.0;667.0;0.0
1;4000;MAGNIFICENT_MACARONS;668.0;14.0;666.0;16.0;661.0;30.0;676;7;684.0;30.0;690.0;16.0;672.0;0.0
1;4100;MAGNIFICENT_MACARONS;670.0;16.0;668.0;20.0;663.0;22.0;678;8;686.0;22.0;692.0;20.0;674.0;0.0
1;4200;MAGNIFICENT_MACARONS;670.0;18.0;668.0;13.0;662.0;28.0;678;9;686.0;28.0;691.0;13.0;674.0;0.0
1;4300;MAGNIFICENT_MACARONS;667.0;16.0;665.0;18.0;659.0;26.0;675;8;683.0;26.0;688.0;18.0;671.0;0.0
1;4400;MAGNIFICENT_MACARONS;670.0;20.0;668.0;20.0;662.0;28.0;678;10;686.0;28.0;691.0;20.0;674.0;0.0
1;4500;MAGNIFICENT_MACARONS;668.0;12.0;666.0;20.0;660.0;26.0;676;6;684.0;26.0;689.0;20.0;672.0;0.0
1;4600;MAGNIFICENT_MACARONS;668.0;18.0;666.0;12.0;660.0;21.0;676;9;684.0;21.0;689.0;12.0;672.0;0.0
1;4700;MAGNIFICENT_MACARONS;669.0;12.0;667.0;18.0;662.0;26.0;677;6;685.0;26.0;691.0;18.0;673.0;0.0
1;4800;MAGNIFICENT_MACARONS;669.0;14.0;667.0;13.0;662.0;22.0;677;7;685.0;22.0;691.0;13.0;673.0;0.0
1;4900;MAGNIFICENT_MACARONS;670.0;14.0;667.0;10.0;662.0;22.0;677;7;686.0;22.0;691.0;10.0;673.5;0.0
1;5000;MAGNIFICENT_MACARONS;666.0;12.0;664.0;17.0;658.0;30.0;674;6;682.0;30.0;687.0;17.0;670.0;0.0
1;5100;MAGNIFICENT_MACARONS;665.0;20.0;663.0;17.0;658.0;26.0;673;10;681.0;26.0;687.0;17.0;669.0;0.0
1;5200;MAGNIFICENT_MACARONS;665.0;16.0;663.0;16.0;658.0;23.0;673;8;681.0;23.0;687.0;16.0;669.0;0.0
1;5300;MAGNIFICENT_MACARONS;667.0;20.0;665.0;12.0;660.0;22.0;675;10;683.0;22.0;689.0;12.0;671.0;0.0
1;5400;MAGNIFICENT_MACARONS;665.0;14.0;663.0;12.0;658.0;30.0;670;8;673.0;7.0;681.0;30.0;667.5;0.0
1;5500;MAGNIFICENT_MACARONS;665.0;12.0;663.0;18.0;658.0;28.0;673;6;681.0;28.0;687.0;18.0;669.0;0.0
1;5600;MAGNIFICENT_MACARONS;668.0;10.0;666.0;10.0;660.0;23.0;676;5;684.0;23.0;689.0;10.0;672.0;0.0
1;5700;MAGNIFICENT_MACARONS;667.0;16.0;665.0;19.0;659.0;30.0;675;8;683.0;30.0;688.0;19.0;671.0;0.0
1;5800;MAGNIFICENT_MACARONS;666.0;12.0;664.0;16.0;658.0;28.0;674;6;682.0;28.0;687.0;16.0;670.0;0.0
1;5900;MAGNIFICENT_MACARONS;668.0;10.0;666.0;17.0;660.0;21.0;676;5;684.0;21.0;689.0;17.0;672.0;0.0
1;6000;MAGNIFICENT_MACARONS;666.0;16.0;664.0;18.0;659.0;30.0;674;8;682.0;30.0;688.0;18.0;670.0;0.0
1;6100;MAGNIFICENT_MACARONS;667.0;18.0;665.0;19.0;660.0;24.0;675;9;683.0;24.0;689.0;19.0;671.0;0.0
1;6200;MAGNIFICENT_MACARONS;666.0;20.0;664.0;11.0;659.0;29.0;674;10;682.0;29.0;688.0;11.0;670.0;0.0
1;6300;MAGNIFICENT_MACARONS;663.0;14.0;661.0;15.0;656.0;22.0;671;7;679.0;22.0;685.0;15.0;667.0;0.0
1;6400;MAGNIFICENT_MACARONS;663.0;14.0;661.0;17.0;655.0;23.0;671;7;679.0;23.0;684.0;17.0;667.0;0.0
1;6500;MAGNIFICENT_MACARONS;661.0;18.0;659.0;12.0;653.0;22.0;669;9;677.0;22.0;682.0;12.0;665.0;0.0
1;6600;MAGNIFICENT_MACARONS;658.0;14.0;656.0;15.0;651.0;27.0;666;7;674.0;27.0;680.0;15.0;662.0;0.0
1;6700;MAGNIFICENT_MACARONS;654.0;12.0;652.0;11.0;647.0;30.0;662;6;670.0;30.0;676.0;11.0;658.0;0.0
1;6800;MAGNIFICENT_MACARONS;656.0;10.0;654.0;13.0;649.0;29.0;664;5;672.0;29.0;678.0;13.0;660.0;0.0
1;6900;MAGNIFICENT_MACARONS;657.0;10.0;655.0;19.0;650.0;27.0;665;5;673.0;27.0;679.0;19.0;661.0;0.0
1;7000;MAGNIFICENT_MACARONS;655.0;10.0;653.0;11.0;647.0;30.0;663;5;671.0;30.0;676.0;11.0;659.0;0.0
1;7100;MAGNIFICENT_MACARONS;654.0;12.0;652.0;14.0;646.0;30.0;662;6;670.0;30.0;675.0;14.0;658.0;0.0
1;7200;MAGNIFICENT_MACARONS;651.0;10.0;649.0;12.0;644.0;22.0;659;5;667.0;22.0;673.0;12.0;655.0;0.0
1;7300;MAGNIFICENT_MACARONS;650.0;12.0;648.0;20.0;643.0;25.0;658;6;666.0;25.0;672.0;20.0;654.0;0.0
1;7400;MAGNIFICENT_MACARONS;648.0;16.0;646.0;15.0;640.0;22.0;656;8;664.0;22.0;669.0;15.0;652.0;0.0
1;7500;MAGNIFICENT_MACARONS;650.0;14.0;648.0;19.0;642.0;29.0;658;7;666.0;29.0;671.0;19.0;654.0;0.0
1;7600;MAGNIFICENT_MACARONS;648.0;14.0;646.0;13.0;641.0;27.0;656;7;664.0;27.0;670.0;13.0;652.0;0.0
1;7700;MAGNIFICENT_MACARONS;648.0;18.0;646.0;13.0;641.0;25.0;656;9;664.0;25.0;670.0;13.0;652.0;0.0
1;7800;MAGNIFICENT_MACARONS;649.0;12.0;647.0;11.0;641.0;23.0;657;6;665.0;23.0;670.0;11.0;653.0;0.0
1;7900;MAGNIFICENT_MACARONS;646.0;18.0;644.0;11.0;638.0;22.0;654;9;662.0;22.0;667.0;11.0;650.0;0.0
1;8000;MAGNIFICENT_MACARONS;642.0;20.0;640.0;12.0;635.0;28.0;650;10;658.0;28.0;664.0;12.0;646.0;0.0
1;8100;MAGNIFICENT_MACARONS;645.0;16.0;643.0;17.0;637.0;25.0;653;8;661.0;25.0;666.0;17.0;649.0;0.0
1;8200;MAGNIFICENT_MACARONS;640.0;20.0;638.0;15.0;633.0;25.0;645;7;648.0;10.0;656.0;25.0;642.5;0.0
1;8300;MAGNIFICENT_MACARONS;645.0;12.0;643.0;19.0;637.0;28.0;653;6;661.0;28.0;666.0;19.0;649.0;0.0
1;8400;MAGNIFICENT_MACARONS;643.0;16.0;641.0;20.0;636.0;29.0;651;8;659.0;29.0;665.0;20.0;647.0;0.0
1;8500;MAGNIFICENT_MACARONS;640.0;10.0;638.0;14.0;632.0;25.0;648;5;656.0;25.0;661.0;14.0;644.0;0.0
1;8600;MAGNIFICENT_MACARONS;636.0;18.0;634.0;18.0;629.0;27.0;644;9;652.0;27.0;658.0;18.0;640.0;0.0
1;8700;MAGNIFICENT_MACARONS;636.0;14.0;634.0;18.0;629.0;22.0;644;7;652.0;22.0;658.0;18.0;640.0;0.0
1;8800;MAGNIFICENT_MACARONS;633.0;18.0;631.0;11.0;626.0;30.0;641;9;649.0;30.0;655.0;11.0;637.0;0.0
1;8900;MAGNIFICENT_MACARONS;633.0;10.0;631.0;11.0;625.0;26.0;641;5;649.0;26.0;654.0;11.0;637.0;0.0
1;9000;MAGNIFICENT_MACARONS;632.0;16.0;630.0;12.0;624.0;23.0;640;8;648.0;23.0;653.0;12.0;636.0;0.0
1;9100;MAGNIFICENT_MACARONS;633.0;16.0;631.0;10.0;626.0;22.0;641;8;649.0;22.0;655.0;10.0;637.0;0.0
1;9200;MAGNIFICENT_MACARONS;634.0;20.0;632.0;10.0;626.0;25.0;642;10;650.0;25.0;655.0;10.0;638.0;0.0
1;9300;MAGNIFICENT_MACARONS;633.0;16.0;631.0;16.0;626.0;29.0;641;8;649.0;29.0;655.0;16.0;637.0;0.0
1;9400;MAGNIFICENT_MACARONS;634.0;12.0;632.0;10.0;626.0;28.0;642;6;650.0;28.0;655.0;10.0;638.0;0.0
1;9500;MAGNIFICENT_MACARONS;634.0;16.0;632.0;10.0;626.0;24.0;638;6;642.0;8.0;650.0;24.0;636.0;0.0
1;9600;MAGNIFICENT_MACARONS;630.0;16.0;628.0;10.0;622.0;20.0;638;8;646.0;20.0;651.0;10.0;634.0;0.0
1;9700;MAGNIFICENT_MACARONS;627.0;12.0;625.0;12.0;620.0;30.0;635;6;643.0;30.0;649.0;12.0;631.0;0.0
1;9800;MAGNIFICENT_MACARONS;629.0;12.0;627.0;16.0;621.0;24.0;637;6;645.0;24.0;650.0;16.0;633.0;0.0
1;9900;MAGNIFICENT_MACARONS;624.0;12.0;622.0;13.0;617.0;24.0;632;6;640.0;24.0;646.0;13.0;628.0;0.0
1;10000;MAGNIFICENT_MACARONS;628.0;6.0;624.0;12.0;622.0;18.0;632;6;640.0;27.0;646.0;18.0;630.0;0.0
1;10100;MAGNIFICENT_MACARONS;624.0;10.0;622.0;10.0;616.0;20.0;632;5;640.0;20.0;645.0;10.0;628.0;0.0
1;10200;MAGNIFICENT_MACARONS;622.0;12.0;620.0;17.0;615.0;20.0;630;6;638.0;20.0;644.0;17.0;626.0;0.0
1;10300;MAGNIFICENT_MACARONS;621.0;20.0;619.0;13.0;613.0;24.0;629;10;637.0;24.0;642.0;13.0;625.0;0.0
1;10400;MAGNIFICENT_MACARONS;625.0;12.0;623.0;11.0;618.0;25.0;633;6;641.0;25.0;647.0;11.0;629.0;0.0
1;10500;MAGNIFICENT_MACARONS;622.0;20.0;620.0;17.0;614.0;26.0;630;10;638.0;26.0;643.0;17.0;626.0;0.0
1;10600;MAGNIFICENT_MACARONS;622.0;14.0;620.0;16.0;614.0;20.0;630;7;638.0;20.0;643.0;16.0;626.0;0.0
1;10700;MAGNIFICENT_MACARONS;623.0;18.0;621.0;16.0;616.0;24.0;631;9;639.0;24.0;645.0;16.0;627.0;0.0
1;10800;MAGNIFICENT_MACARONS;621.0;14.0;619.0;18.0;614.0;23.0;629;7;637.0;23.0;643.0;18.0;625.0;0.0
1;10900;MAGNIFICENT_MACARONS;619.0;12.0;617.0;15.0;612.0;22.0;627;6;635.0;22.0;641.0;15.0;623.0;0.0
1;11000;MAGNIFICENT_MACARONS;622.0;10.0;620.0;11.0;614.0;26.0;630;5;638.0;26.0;643.0;11.0;626.0;0.0
1;11100;MAGNIFICENT_MACARONS;619.0;20.0;617.0;18.0;612.0;30.0;627;10;635.0;30.0;641.0;18.0;623.0;0.0
1;11200;MAGNIFICENT_MACARONS;620.0;18.0;618.0;12.0;613.0;28.0;628;9;636.0;28.0;642.0;12.0;624.0;0.0
1;11300;MAGNIFICENT_MACARONS;618.0;18.0;616.0;10.0;610.0;25.0;626;9;634.0;25.0;639.0;10.0;622.0;0.0
1;11400;MAGNIFICENT_MACARONS;618.0;12.0;616.0;20.0;611.0;30.0;626;6;634.0;30.0;640.0;20.0;622.0;0.0
1;11500;MAGNIFICENT_MACARONS;619.0;20.0;617.0;18.0;612.0;28.0;627;10;635.0;28.0;641.0;18.0;623.0;0.0
1;11600;MAGNIFICENT_MACARONS;622.0;16.0;620.0;20.0;614.0;22.0;630;8;638.0;22.0;643.0;20.0;626.0;0.0
1;11700;MAGNIFICENT_MACARONS;618.0;14.0;616.0;13.0;610.0;20.0;626;7;634.0;20.0;639.0;13.0;622.0;0.0
1;11800;MAGNIFICENT_MACARONS;616.0;16.0;614.0;18.0;608.0;21.0;624;8;632.0;21.0;637.0;18.0;620.0;0.0
1;11900;MAGNIFICENT_MACARONS;619.0;16.0;617.0;14.0;611.0;22.0;627;8;635.0;22.0;640.0;14.0;623.0;0.0
1;12000;MAGNIFICENT_MACARONS;622.0;14.0;620.0;14.0;615.0;27.0;630;7;638.0;27.0;644.0;14.0;626.0;0.0
1;12100;MAGNIFICENT_MACARONS;624.0;16.0;622.0;10.0;616.0;23.0;632;8;640.0;23.0;645.0;10.0;628.0;0.0
1;12200;MAGNIFICENT_MACARONS;624.0;10.0;622.0;20.0;617.0;23.0;632;5;640.0;23.0;646.0;20.0;628.0;0.0
1;12300;MAGNIFICENT_MACARONS;626.0;16.0;624.0;14.0;619.0;24.0;634;8;642.0;24.0;648.0;14.0;630.0;0.0
1;12400;MAGNIFICENT_MACARONS;623.0;18.0;621.0;11.0;615.0;29.0;631;9;639.0;29.0;644.0;11.0;627.0;0.0
1;12500;MAGNIFICENT_MACARONS;620.0;14.0;618.0;10.0;613.0;22.0;628;7;636.0;22.0;642.0;10.0;624.0;0.0
1;12600;MAGNIFICENT_MACARONS;618.0;16.0;616.0;16.0;610.0;26.0;626;8;634.0;26.0;639.0;16.0;622.0;0.0
1;12700;MAGNIFICENT_MACARONS;617.0;10.0;615.0;18.0;609.0;27.0;625;5;633.0;27.0;638.0;18.0;621.0;0.0
1;12800;MAGNIFICENT_MACARONS;615.0;20.0;613.0;11.0;608.0;28.0;623;10;631.0;28.0;637.0;11.0;619.0;0.0
1;12900;MAGNIFICENT_MACARONS;614.0;10.0;612.0;13.0;607.0;21.0;622;5;630.0;21.0;636.0;13.0;618.0;0.0
1;13000;MAGNIFICENT_MACARONS;615.0;10.0;613.0;12.0;607.0;30.0;623;5;631.0;30.0;636.0;12.0;619.0;0.0
1;13100;MAGNIFICENT_MACARONS;616.0;16.0;614.0;11.0;608.0;21.0;624;8;632.0;21.0;637.0;11.0;620.0;0.0
1;13200;MAGNIFICENT_MACARONS;614.0;20.0;612.0;14.0;606.0;29.0;622;10;630.0;29.0;635.0;14.0;618.0;0.0
1;13300;MAGNIFICENT_MACARONS;615.0;10.0;613.0;13.0;607.0;22.0;623;5;631.0;22.0;636.0;13.0;619.0;0.0
1;13400;MAGNIFICENT_MACARONS;615.0;12.0;613.0;17.0;608.0;26.0;623;6;631.0;26.0;637.0;17.0;619.0;0.0
1;13500;MAGNIFICENT_MACARONS;617.0;10.0;615.0;10.0;610.0;24.0;625;5;633.0;24.0;639.0;10.0;621.0;0.0
1;13600;MAGNIFICENT_MACARONS;618.0;12.0;616.0;18.0;611.0;24.0;626;6;634.0;24.0;640.0;18.0;622.0;0.0
1;13700;MAGNIFICENT_MACARONS;620.0;10.0;618.0;18.0;613.0;28.0;628;5;636.0;28.0;642.0;18.0;624.0;0.0
1;13800;MAGNIFICENT_MACARONS;621.0;20.0;619.0;12.0;613.0;23.0;629;10;637.0;23.0;642.0;12.0;625.0;0.0
1;13900;MAGNIFICENT_MACARONS;622.0;14.0;620.0;20.0;614.0;20.0;630;7;638.0;20.0;643.0;20.0;626.0;0.0
1;14000;MAGNIFICENT_MACARONS;625.0;20.0;623.0;16.0;617.0;28.0;633;10;641.0;28.0;646.0;16.0;629.0;0.0
1;14100;MAGNIFICENT_MACARONS;622.0;20.0;620.0;17.0;615.0;20.0;630;10;638.0;20.0;644.0;17.0;626.0;0.0
1;14200;MAGNIFICENT_MACARONS;621.0;14.0;619.0;19.0;614.0;21.0;629;7;637.0;21.0;643.0;19.0;625.0;0.0
1;14300;MAGNIFICENT_MACARONS;622.0;16.0;620.0;15.0;615.0;21.0;630;8;638.0;21.0;644.0;15.0;626.0;0.0
1;14400;MAGNIFICENT_MACARONS;624.0;12.0;622.0;14.0;617.0;21.0;632;6;640.0;21.0;646.0;14.0;628.0;0.0
1;14500;MAGNIFICENT_MACARONS;629.0;14.0;627.0;11.0;621.0;28.0;637;7;645.0;28.0;650.0;11.0;633.0;0.0
1;14600;MAGNIFICENT_MACARONS;629.0;18.0;627.0;19.0;621.0;27.0;637;9;645.0;27.0;650.0;19.0;633.0;0.0
1;14700;MAGNIFICENT_MACARONS;625.0;20.0;623.0;10.0;618.0;23.0;633;10;641.0;23.0;647.0;10.0;629.0;0.0
1;14800;MAGNIFICENT_MACARONS;623.0;16.0;621.0;12.0;616.0;30.0;631;8;639.0;30.0;645.0;12.0;627.0;0.0
1;14900;MAGNIFICENT_MACARONS;626.0;14.0;624.0;12.0;618.0;25.0;634;7;642.0;25.0;647.0;12.0;630.0;0.0
1;15000;MAGNIFICENT_MACARONS;628.0;18.0;626.0;17.0;621.0;25.0;636;9;644.0;25.0;650.0;17.0;632.0;0.0
1;15100;MAGNIFICENT_MACARONS;626.0;10.0;624.0;20.0;618.0;20.0;634;5;642.0;20.0;647.0;20.0;630.0;0.0
1;15200;MAGNIFICENT_MACARONS;626.0;10.0;624.0;10.0;619.0;21.0;634;5;642.0;21.0;648.0;10.0;630.0;0.0
1;15300;MAGNIFICENT_MACARONS;625.0;18.0;623.0;14.0;617.0;22.0;633;9;641.0;22.0;646.0;14.0;629.0;0.0
1;15400;MAGNIFICENT_MACARONS;624.0;18.0;622.0;14.0;616.0;30.0;632;9;640.0;30.0;645.0;14.0;628.0;0.0
1;15500;MAGNIFICENT_MACARONS;626.0;14.0;624.0;18.0;619.0;25.0;634;7;642.0;25.0;648.0;18.0;630.0;0.0
1;15600;MAGNIFICENT_MACARONS;625.0;10.0;623.0;17.0;618.0;22.0;628;4;633.0;5.0;641.0;22.0;626.5;0.0
1;15700;MAGNIFICENT_MACARONS;625.0;12.0;623.0;18.0;617.0;28.0;633;6;641.0;28.0;646.0;18.0;629.0;0.0
1;15800;MAGNIFICENT_MACARONS;620.0;10.0;618.0;10.0;612.0;26.0;628;5;636.0;26.0;641.0;10.0;624.0;0.0
1;15900;MAGNIFICENT_MACARONS;620.0;18.0;618.0;13.0;613.0;20.0;628;9;636.0;20.0;642.0;13.0;624.0;0.0
1;16000;MAGNIFICENT_MACARONS;619.0;14.0;617.0;12.0;612.0;20.0;627;7;635.0;20.0;641.0;12.0;623.0;0.0
1;16100;MAGNIFICENT_MACARONS;617.0;18.0;615.0;12.0;609.0;26.0;625;9;633.0;26.0;638.0;12.0;621.0;0.0
1;16200;MAGNIFICENT_MACARONS;618.0;18.0;616.0;17.0;611.0;27.0;626;9;634.0;27.0;640.0;17.0;622.0;0.0
1;16300;MAGNIFICENT_MACARONS;622.0;14.0;620.0;19.0;614.0;21.0;626;10;630.0;7.0;638.0;21.0;624.0;0.0
1;16400;MAGNIFICENT_MACARONS;617.0;18.0;615.0;17.0;610.0;25.0;625;9;633.0;25.0;639.0;17.0;621.0;0.0
1;16500;MAGNIFICENT_MACARONS;617.0;12.0;615.0;16.0;609.0;22.0;625;6;633.0;22.0;638.0;16.0;621.0;0.0
1;16600;MAGNIFICENT_MACARONS;617.0;10.0;615.0;20.0;609.0;26.0;625;5;633.0;26.0;638.0;20.0;621.0;0.0
1;16700;MAGNIFICENT_MACARONS;615.0;18.0;613.0;18.0;607.0;25.0;623;9;631.0;25.0;636.0;18.0;619.0;0.0
1;16800;MAGNIFICENT_MACARONS;617.0;14.0;615.0;10.0;609.0;25.0;625;7;633.0;25.0;638.0;10.0;621.0;0.0
1;16900;MAGNIFICENT_MACARONS;615.0;10.0;613.0;18.0;607.0;22.0;623;5;631.0;22.0;636.0;18.0;619.0;0.0
1;17000;MAGNIFICENT_MACARONS;615.0;10.0;613.0;11.0;608.0;25.0;623;5;631.0;25.0;637.0;11.0;619.0;0.0
1;17100;MAGNIFICENT_MACARONS;614.0;12.0;612.0;10.0;606.0;26.0;617;3;622.0;6.0;630.0;26.0;615.5;0.0
1;17200;MAGNIFICENT_MACARONS;609.0;16.0;607.0;11.0;602.0;27.0;617;8;625.0;27.0;631.0;11.0;613.0;0.0
1;17300;MAGNIFICENT_MACARONS;611.0;14.0;609.0;10.0;603.0;27.0;614;2;619.0;7.0;627.0;27.0;612.5;0.0
1;17400;MAGNIFICENT_MACARONS;611.0;20.0;609.0;15.0;603.0;25.0;615;8;619.0;10.0;627.0;25.0;613.0;0.0
1;17500;MAGNIFICENT_MACARONS;609.0;10.0;607.0;16.0;602.0;26.0;617;5;625.0;26.0;631.0;16.0;613.0;0.0
1;17600;MAGNIFICENT_MACARONS;607.0;16.0;605.0;10.0;600.0;29.0;615;8;623.0;29.0;629.0;10.0;611.0;0.0
1;17700;MAGNIFICENT_MACARONS;608.0;20.0;605.0;11.0;600.0;22.0;615;10;624.0;22.0;629.0;11.0;611.5;0.0
1;17800;MAGNIFICENT_MACARONS;611.0;14.0;609.0;11.0;604.0;30.0;616;10;619.0;7.0;627.0;30.0;613.5;0.0
1;17900;MAGNIFICENT_MACARONS;607.0;20.0;605.0;17.0;600.0;21.0;615;10;623.0;21.0;629.0;17.0;611.0;0.0
1;18000;MAGNIFICENT_MACARONS;607.0;18.0;605.0;20.0;600.0;24.0;615;9;623.0;24.0;629.0;20.0;611.0;0.0
1;18100;MAGNIFICENT_MACARONS;608.0;12.0;606.0;17.0;600.0;28.0;616;6;624.0;28.0;629.0;17.0;612.0;0.0
1;18200;MAGNIFICENT_MACARONS;608.0;20.0;606.0;20.0;600.0;23.0;616;10;624.0;23.0;629.0;20.0;612.0;0.0
1;18300;MAGNIFICENT_MACARONS;609.0;16.0;607.0;14.0;602.0;20.0;617;8;625.0;20.0;631.0;14.0;613.0;0.0
1;18400;MAGNIFICENT_MACARONS;610.0;14.0;608.0;16.0;603.0;21.0;618;7;626.0;21.0;632.0;16.0;614.0;0.0
1;18500;MAGNIFICENT_MACARONS;614.0;10.0;612.0;10.0;606.0;21.0;622;5;630.0;21.0;635.0;10.0;618.0;0.0
1;18600;MAGNIFICENT_MACARONS;616.0;9.0;612.0;10.0;610.0;14.0;620;5;628.0;21.0;634.0;14.0;618.0;0.0
1;18700;MAGNIFICENT_MACARONS;613.0;16.0;611.0;20.0;605.0;30.0;617;10;621.0;8.0;629.0;30.0;615.0;0.0
1;18800;MAGNIFICENT_MACARONS;615.0;10.0;613.0;19.0;607.0;24.0;623;5;631.0;24.0;636.0;19.0;619.0;0.0
1;18900;MAGNIFICENT_MACARONS;608.0;14.0;606.0;15.0;600.0;25.0;616;7;624.0;25.0;629.0;15.0;612.0;0.0
1;19000;MAGNIFICENT_MACARONS;609.0;18.0;607.0;19.0;601.0;30.0;617;9;625.0;30.0;630.0;19.0;613.0;0.0
1;19100;MAGNIFICENT_MACARONS;611.0;12.0;609.0;20.0;603.0;21.0;619;6;627.0;21.0;632.0;20.0;615.0;0.0
1;19200;MAGNIFICENT_MACARONS;613.0;18.0;611.0;19.0;606.0;26.0;621;9;629.0;26.0;635.0;19.0;617.0;0.0
1;19300;MAGNIFICENT_MACARONS;613.0;20.0;611.0;10.0;605.0;23.0;621;10;629.0;23.0;634.0;10.0;617.0;0.0
1;19400;MAGNIFICENT_MACARONS;612.0;18.0;610.0;20.0;604.0;24.0;620;9;628.0;24.0;633.0;20.0;616.0;0.0
1;19500;MAGNIFICENT_MACARONS;612.0;20.0;610.0;14.0;605.0;23.0;620;10;628.0;23.0;634.0;14.0;616.0;0.0
1;19600;MAGNIFICENT_MACARONS;614.0;10.0;612.0;16.0;607.0;26.0;622;5;630.0;26.0;636.0;16.0;618.0;0.0
1;19700;MAGNIFICENT_MACARONS;615.0;12.0;613.0;10.0;608.0;29.0;623;6;631.0;29.0;637.0;10.0;619.0;0.0
1;19800;MAGNIFICENT_MACARONS;616.0;14.0;614.0;14.0;608.0;26.0;624;7;632.0;26.0;637.0;14.0;620.0;0.0
1;19900;MAGNIFICENT_MACARONS;611.0;12.0;609.0;14.0;603.0;22.0;614;2;619.0;6.0;627.0;22.0;612.5;0.0
1;20000;MAGNIFICENT_MACARONS;612.0;16.0;610.0;11.0;605.0;26.0;620;8;628.0;26.0;634.0;11.0;616.0;0.0
1;20100;MAGNIFICENT_MACARONS;615.0;16.0;613.0;12.0;607.0;29.0;623;8;631.0;29.0;636.0;12.0;619.0;0.0
1;20200;MAGNIFICENT_MACARONS;616.0;10.0;614.0;16.0;608.0;20.0;624;5;632.0;20.0;637.0;16.0;620.0;0.0
1;20300;MAGNIFICENT_MACARONS;616.0;18.0;614.0;17.0;609.0;24.0;624;9;632.0;24.0;638.0;17.0;620.0;0.0
1;20400;MAGNIFICENT_MACARONS;615.0;20.0;613.0;18.0;607.0;27.0;623;10;631.0;27.0;636.0;18.0;619.0;0.0
1;20500;MAGNIFICENT_MACARONS;612.0;10.0;610.0;18.0;605.0;25.0;620;5;628.0;25.0;634.0;18.0;616.0;0.0
1;20600;MAGNIFICENT_MACARONS;612.0;20.0;610.0;16.0;605.0;24.0;620;10;628.0;24.0;634.0;16.0;616.0;0.0
1;20700;MAGNIFICENT_MACARONS;613.0;18.0;611.0;11.0;606.0;30.0;621;9;629.0;30.0;635.0;11.0;617.0;0.0
1;20800;MAGNIFICENT_MACARONS;614.0;14.0;611.0;19.0;606.0;24.0;621;7;630.0;24.0;635.0;19.0;617.5;0.0
1;20900;MAGNIFICENT_MACARONS;618.0;14.0;616.0;17.0;610.0;29.0;626;7;634.0;29.0;639.0;17.0;622.0;0.0
1;21000;MAGNIFICENT_MACARONS;615.0;14.0;613.0;17.0;607.0;25.0;623;7;631.0;25.0;636.0;17.0;619.0;0.0
1;21100;MAGNIFICENT_MACARONS;616.0;16.0;614.0;11.0;609.0;28.0;624;8;632.0;28.0;638.0;11.0;620.0;0.0
1;21200;MAGNIFICENT_MACARONS;616.0;12.0;614.0;12.0;608.0;29.0;624;6;632.0;29.0;637.0;12.0;620.0;0.0
1;21300;MAGNIFICENT_MACARONS;615.0;14.0;613.0;18.0;608.0;22.0;623;7;631.0;22.0;637.0;18.0;619.0;0.0
1;21400;MAGNIFICENT_MACARONS;618.0;16.0;616.0;14.0;611.0;29.0;626;8;634.0;29.0;640.0;14.0;622.0;0.0
1;21500;MAGNIFICENT_MACARONS;619.0;20.0;617.0;19.0;611.0;28.0;627;10;635.0;28.0;640.0;19.0;623.0;0.0
1;21600;MAGNIFICENT_MACARONS;615.0;12.0;613.0;16.0;608.0;20.0;623;6;631.0;20.0;637.0;16.0;619.0;0.0
1;21700;MAGNIFICENT_MACARONS;613.0;20.0;611.0;16.0;606.0;25.0;618;5;621.0;10.0;629.0;25.0;615.5;0.0
1;21800;MAGNIFICENT_MACARONS;618.0;14.0;616.0;17.0;611.0;25.0;626;7;634.0;25.0;640.0;17.0;622.0;0.0
1;21900;MAGNIFICENT_MACARONS;619.0;16.0;617.0;14.0;611.0;27.0;627;8;635.0;27.0;640.0;14.0;623.0;0.0
1;22000;MAGNIFICENT_MACARONS;618.0;16.0;616.0;17.0;610.0;20.0;626;8;634.0;20.0;639.0;17.0;622.0;0.0
1;22100;MAGNIFICENT_MACARONS;615.0;10.0;613.0;19.0;608.0;22.0;623;5;631.0;22.0;637.0;19.0;619.0;0.0
1;22200;MAGNIFICENT_MACARONS;614.0;16.0;612.0;19.0;607.0;23.0;622;8;630.0;23.0;636.0;19.0;618.0;0.0
1;22300;MAGNIFICENT_MACARONS;613.0;14.0;611.0;20.0;605.0;28.0;621;7;629.0;28.0;634.0;20.0;617.0;0.0
1;22400;MAGNIFICENT_MACARONS;608.0;12.0;606.0;20.0;600.0;23.0;616;6;624.0;23.0;629.0;20.0;612.0;0.0
1;22500;MAGNIFICENT_MACARONS;615.0;2.0;610.0;20.0;608.0;12.0;618;10;626.0;27.0;632.0;12.0;616.5;0.0
1;22600;MAGNIFICENT_MACARONS;617.0;14.0;615.0;12.0;609.0;25.0;625;7;633.0;25.0;638.0;12.0;621.0;0.0
1;22700;MAGNIFICENT_MACARONS;618.0;18.0;616.0;10.0;611.0;25.0;626;9;634.0;25.0;640.0;10.0;622.0;0.0
1;22800;MAGNIFICENT_MACARONS;620.0;18.0;618.0;17.0;613.0;26.0;628;9;636.0;26.0;642.0;17.0;624.0;0.0
1;22900;MAGNIFICENT_MACARONS;619.0;12.0;617.0;10.0;612.0;22.0;627;6;635.0;22.0;641.0;10.0;623.0;0.0
1;23000;MAGNIFICENT_MACARONS;616.0;18.0;614.0;17.0;608.0;20.0;624;9;632.0;20.0;637.0;17.0;620.0;0.0
1;23100;MAGNIFICENT_MACARONS;615.0;12.0;613.0;15.0;607.0;26.0;623;6;631.0;26.0;636.0;15.0;619.0;0.0
1;23200;MAGNIFICENT_MACARONS;614.0;18.0;612.0;18.0;606.0;24.0;622;9;630.0;24.0;635.0;18.0;618.0;0.0
1;23300;MAGNIFICENT_MACARONS;619.0;20.0;617.0;19.0;612.0;21.0;627;10;635.0;21.0;641.0;19.0;623.0;0.0
1;23400;MAGNIFICENT_MACARONS;618.0;12.0;616.0;14.0;611.0;29.0;626;6;634.0;29.0;640.0;14.0;622.0;0.0
1;23500;MAGNIFICENT_MACARONS;615.0;20.0;613.0;16.0;608.0;30.0;623;10;631.0;30.0;637.0;16.0;619.0;0.0
1;23600;MAGNIFICENT_MACARONS;614.0;18.0;612.0;13.0;607.0;25.0;622;9;630.0;25.0;636.0;13.0;618.0;0.0
1;23700;MAGNIFICENT_MACARONS;613.0;10.0;611.0;10.0;605.0;20.0;621;5;629.0;20.0;634.0;10.0;617.0;0.0
1;23800;MAGNIFICENT_MACARONS;611.0;10.0;609.0;13.0;603.0;22.0;619;5;627.0;22.0;632.0;13.0;615.0;0.0
1;23900;MAGNIFICENT_MACARONS;609.0;10.0;607.0;12.0;602.0;27.0;617;5;625.0;27.0;631.0;12.0;613.0;0.0
1;24000;MAGNIFICENT_MACARONS;607.0;10.0;605.0;18.0;600.0;29.0;615;5;623.0;29.0;629.0;18.0;611.0;0.0
1;24100;MAGNIFICENT_MACARONS;605.0;12.0;603.0;17.0;598.0;20.0;613;6;621.0;20.0;627.0;17.0;609.0;0.0
1;24200;MAGNIFICENT_MACARONS;607.0;16.0;605.0;16.0;599.0;23.0;615;8;623.0;23.0;628.0;16.0;611.0;0.0
1;24300;MAGNIFICENT_MACARONS;609.0;20.0;607.0;17.0;601.0;27.0;617;10;625.0;27.0;630.0;17.0;613.0;0.0
1;24400;MAGNIFICENT_MACARONS;608.0;16.0;606.0;13.0;600.0;28.0;616;8;624.0;28.0;629.0;13.0;612.0;0.0
1;24500;MAGNIFICENT_MACARONS;603.0;12.0;601.0;18.0;596.0;24.0;611;6;619.0;24.0;625.0;18.0;607.0;0.0
1;24600;MAGNIFICENT_MACARONS;601.0;18.0;599.0;15.0;593.0;22.0;609;9;617.0;22.0;622.0;15.0;605.0;0.0
1;24700;MAGNIFICENT_MACARONS;598.0;20.0;596.0;13.0;591.0;20.0;606;10;614.0;20.0;620.0;13.0;602.0;0.0
1;24800;MAGNIFICENT_MACARONS;595.0;12.0;593.0;12.0;588.0;28.0;603;6;611.0;28.0;617.0;12.0;599.0;0.0
1;24900;MAGNIFICENT_MACARONS;596.0;12.0;594.0;14.0;588.0;24.0;604;6;612.0;24.0;617.0;14.0;600.0;0.0
1;25000;MAGNIFICENT_MACARONS;595.0;14.0;593.0;16.0;587.0;27.0;603;7;611.0;27.0;616.0;16.0;599.0;0.0
1;25100;MAGNIFICENT_MACARONS;599.0;10.0;597.0;15.0;591.0;26.0;607;5;615.0;26.0;620.0;15.0;603.0;0.0
1;25200;MAGNIFICENT_MACARONS;599.0;12.0;597.0;18.0;592.0;24.0;607;6;615.0;24.0;621.0;18.0;603.0;0.0
1;25300;MAGNIFICENT_MACARONS;602.0;12.0;600.0;11.0;594.0;21.0;610;6;618.0;21.0;623.0;11.0;606.0;0.0
1;25400;MAGNIFICENT_MACARONS;599.0;20.0;597.0;10.0;591.0;27.0;603;7;607.0;10.0;615.0;27.0;601.0;0.0
1;25500;MAGNIFICENT_MACARONS;602.0;14.0;600.0;19.0;594.0;23.0;610;7;618.0;23.0;623.0;19.0;606.0;0.0
1;25600;MAGNIFICENT_MACARONS;603.0;12.0;601.0;11.0;596.0;24.0;611;6;619.0;24.0;625.0;11.0;607.0;0.0
1;25700;MAGNIFICENT_MACARONS;604.0;10.0;602.0;12.0;597.0;24.0;612;5;620.0;24.0;626.0;12.0;608.0;0.0
1;25800;MAGNIFICENT_MACARONS;601.0;12.0;599.0;20.0;594.0;27.0;609;6;617.0;27.0;623.0;20.0;605.0;0.0
1;25900;MAGNIFICENT_MACARONS;602.0;12.0;599.0;11.0;594.0;27.0;609;6;618.0;27.0;623.0;11.0;605.5;0.0
1;26000;MAGNIFICENT_MACARONS;602.0;14.0;599.0;10.0;594.0;27.0;609;7;618.0;27.0;623.0;10.0;605.5;0.0
1;26100;MAGNIFICENT_MACARONS;602.0;12.0;600.0;13.0;594.0;24.0;610;6;618.0;24.0;623.0;13.0;606.0;0.0
1;26200;MAGNIFICENT_MACARONS;601.0;12.0;599.0;13.0;593.0;27.0;609;6;617.0;27.0;622.0;13.0;605.0;0.0
1;26300;MAGNIFICENT_MACARONS;604.0;18.0;602.0;16.0;597.0;25.0;612;9;620.0;25.0;626.0;16.0;608.0;0.0
1;26400;MAGNIFICENT_MACARONS;601.0;12.0;599.0;19.0;594.0;27.0;609;6;617.0;27.0;623.0;19.0;605.0;0.0
1;26500;MAGNIFICENT_MACARONS;603.0;10.0;601.0;16.0;596.0;21.0;611;5;619.0;21.0;625.0;16.0;607.0;0.0
1;26600;MAGNIFICENT_MACARONS;602.0;10.0;600.0;15.0;594.0;29.0;610;5;618.0;29.0;623.0;15.0;606.0;0.0
1;26700;MAGNIFICENT_MACARONS;601.0;14.0;599.0;14.0;593.0;26.0;609;7;617.0;26.0;622.0;14.0;605.0;0.0
1;26800;MAGNIFICENT_MACARONS;599.0;16.0;597.0;15.0;592.0;20.0;607;8;615.0;20.0;621.0;15.0;603.0;0.0
1;26900;MAGNIFICENT_MACARONS;597.0;18.0;595.0;15.0;589.0;22.0;605;9;613.0;22.0;618.0;15.0;601.0;0.0
1;27000;MAGNIFICENT_MACARONS;593.0;18.0;591.0;11.0;586.0;26.0;601;9;609.0;26.0;615.0;11.0;597.0;0.0
1;27100;MAGNIFICENT_MACARONS;595.0;16.0;593.0;16.0;588.0;27.0;603;8;611.0;27.0;617.0;16.0;599.0;0.0
1;27200;MAGNIFICENT_MACARONS;596.0;18.0;594.0;15.0;589.0;23.0;604;9;612.0;23.0;618.0;15.0;600.0;0.0
1;27300;MAGNIFICENT_MACARONS;596.0;18.0;594.0;13.0;588.0;25.0;604;9;612.0;25.0;617.0;13.0;600.0;0.0
1;27400;MAGNIFICENT_MACARONS;597.0;20.0;595.0;17.0;590.0;22.0;605;10;613.0;22.0;619.0;17.0;601.0;0.0
1;27500;MAGNIFICENT_MACARONS;597.0;14.0;595.0;15.0;590.0;30.0;605;7;613.0;30.0;619.0;15.0;601.0;0.0
1;27600;MAGNIFICENT_MACARONS;597.0;14.0;595.0;18.0;589.0;26.0;605;7;613.0;26.0;618.0;18.0;601.0;0.0
1;27700;MAGNIFICENT_MACARONS;597.0;14.0;595.0;18.0;589.0;30.0;605;7;613.0;30.0;618.0;18.0;601.0;0.0
1;27800;MAGNIFICENT_MACARONS;595.0;20.0;593.0;17.0;587.0;20.0;599;10;603.0;10.0;611.0;20.0;597.0;0.0
1;27900;MAGNIFICENT_MACARONS;596.0;20.0;594.0;14.0;588.0;29.0;604;10;612.0;29.0;617.0;14.0;600.0;0.0
1;28000;MAGNIFICENT_MACARONS;597.0;14.0;595.0;14.0;590.0;22.0;605;7;613.0;22.0;619.0;14.0;601.0;0.0
1;28100;MAGNIFICENT_MACARONS;601.0;10.0;599.0;10.0;594.0;20.0;609;5;617.0;20.0;623.0;10.0;605.0;0.0
1;28200;MAGNIFICENT_MACARONS;602.0;9.0;598.0;20.0;596.0;15.0;606;10;614.0;23.0;620.0;15.0;604.0;0.0
1;28300;MAGNIFICENT_MACARONS;601.0;12.0;599.0;11.0;593.0;28.0;609;6;617.0;28.0;622.0;11.0;605.0;0.0
1;28400;MAGNIFICENT_MACARONS;602.0;20.0;600.0;13.0;595.0;20.0;610;10;618.0;20.0;624.0;13.0;606.0;0.0
1;28500;MAGNIFICENT_MACARONS;605.0;20.0;603.0;16.0;598.0;28.0;613;10;621.0;28.0;627.0;16.0;609.0;0.0
1;28600;MAGNIFICENT_MACARONS;609.0;12.0;607.0;12.0;601.0;26.0;617;6;625.0;26.0;630.0;12.0;613.0;0.0
1;28700;MAGNIFICENT_MACARONS;606.0;20.0;604.0;11.0;598.0;22.0;614;10;622.0;22.0;627.0;11.0;610.0;0.0
1;28800;MAGNIFICENT_MACARONS;607.0;20.0;605.0;10.0;599.0;21.0;615;10;623.0;21.0;628.0;10.0;611.0;0.0
1;28900;MAGNIFICENT_MACARONS;606.0;16.0;604.0;14.0;599.0;22.0;614;8;622.0;22.0;628.0;14.0;610.0;0.0
1;29000;MAGNIFICENT_MACARONS;610.0;14.0;608.0;16.0;603.0;24.0;618;7;626.0;24.0;632.0;16.0;614.0;0.0
1;29100;MAGNIFICENT_MACARONS;607.0;20.0;605.0;15.0;600.0;23.0;615;10;623.0;23.0;629.0;15.0;611.0;0.0
1;29200;MAGNIFICENT_MACARONS;608.0;18.0;606.0;18.0;600.0;22.0;616;9;624.0;22.0;629.0;18.0;612.0;0.0
1;29300;MAGNIFICENT_MACARONS;605.0;10.0;603.0;15.0;597.0;22.0;613;5;621.0;22.0;626.0;15.0;609.0;0.0
1;29400;MAGNIFICENT_MACARONS;601.0;12.0;599.0;11.0;594.0;23.0;609;6;617.0;23.0;623.0;11.0;605.0;0.0
1;29500;MAGNIFICENT_MACARONS;598.0;14.0;596.0;19.0;591.0;20.0;606;7;614.0;20.0;620.0;19.0;602.0;0.0
1;29600;MAGNIFICENT_MACARONS;602.0;20.0;600.0;13.0;595.0;26.0;610;10;618.0;26.0;624.0;13.0;606.0;0.0
1;29700;MAGNIFICENT_MACARONS;602.0;18.0;600.0;17.0;595.0;22.0;610;9;618.0;22.0;624.0;17.0;606.0;0.0
1;29800;MAGNIFICENT_MACARONS;599.0;14.0;597.0;15.0;592.0;25.0;607;7;615.0;25.0;621.0;15.0;603.0;0.0
1;29900;MAGNIFICENT_MACARONS;598.0;10.0;596.0;10.0;590.0;30.0;606;5;614.0;30.0;619.0;10.0;602.0;0.0
1;30000;MAGNIFICENT_MACARONS;601.0;6.0;598.0;20.0;596.0;19.0;606;10;614.0;23.0;619.0;19.0;603.5;0.0
1;30100;MAGNIFICENT_MACARONS;599.0;18.0;597.0;16.0;592.0;20.0;607;9;615.0;20.0;621.0;16.0;603.0;0.0
1;30200;MAGNIFICENT_MACARONS;600.0;10.0;598.0;19.0;592.0;28.0;608;5;616.0;28.0;621.0;19.0;604.0;0.0
1;30300;MAGNIFICENT_MACARONS;599.0;20.0;597.0;15.0;591.0;29.0;607;10;615.0;29.0;620.0;15.0;603.0;0.0
1;30400;MAGNIFICENT_MACARONS;599.0;10.0;597.0;18.0;592.0;30.0;607;5;615.0;30.0;621.0;18.0;603.0;0.0
1;30500;MAGNIFICENT_MACARONS;598.0;20.0;596.0;12.0;591.0;28.0;606;10;614.0;28.0;620.0;12.0;602.0;0.0
1;30600;MAGNIFICENT_MACARONS;595.0;16.0;593.0;13.0;587.0;30.0;603;8;611.0;30.0;616.0;13.0;599.0;0.0
1;30700;MAGNIFICENT_MACARONS;592.0;18.0;590.0;17.0;585.0;27.0;600;9;608.0;27.0;614.0;17.0;596.0;0.0
1;30800;MAGNIFICENT_MACARONS;591.0;18.0;589.0;15.0;583.0;29.0;599;9;607.0;29.0;612.0;15.0;595.0;0.0
1;30900;MAGNIFICENT_MACARONS;586.0;18.0;584.0;17.0;579.0;21.0;594;9;602.0;21.0;608.0;17.0;590.0;0.0
1;31000;MAGNIFICENT_MACARONS;583.0;12.0;581.0;18.0;576.0;26.0;591;6;599.0;26.0;605.0;18.0;587.0;0.0
1;31100;MAGNIFICENT_MACARONS;580.0;12.0;578.0;15.0;572.0;23.0;588;6;596.0;23.0;601.0;15.0;584.0;0.0
1;31200;MAGNIFICENT_MACARONS;580.0;16.0;578.0;18.0;572.0;21.0;588;8;596.0;21.0;602.0;18.0;584.0;0.0
1;31300;MAGNIFICENT_MACARONS;580.0;12.0;578.0;16.0;572.0;20.0;588;6;596.0;20.0;602.0;16.0;584.0;0.0
1;31400;MAGNIFICENT_MACARONS;583.0;12.0;581.0;14.0;576.0;22.0;591;6;599.0;22.0;605.0;14.0;587.0;0.0
1;31500;MAGNIFICENT_MACARONS;582.0;10.0;580.0;20.0;575.0;21.0;590;5;598.0;21.0;604.0;20.0;586.0;0.0
1;31600;MAGNIFICENT_MACARONS;587.0;14.0;585.0;14.0;579.0;24.0;595;7;603.0;24.0;608.0;14.0;591.0;0.0
1;31700;MAGNIFICENT_MACARONS;587.0;12.0;585.0;15.0;579.0;29.0;595;6;603.0;29.0;608.0;15.0;591.0;0.0
1;31800;MAGNIFICENT_MACARONS;588.0;20.0;586.0;11.0;581.0;22.0;596;10;604.0;22.0;610.0;11.0;592.0;0.0
1;31900;MAGNIFICENT_MACARONS;591.0;16.0;589.0;19.0;584.0;26.0;599;8;607.0;26.0;613.0;19.0;595.0;0.0
1;32000;MAGNIFICENT_MACARONS;594.0;12.0;592.0;10.0;586.0;20.0;602;6;610.0;20.0;615.0;10.0;598.0;0.0
1;32100;MAGNIFICENT_MACARONS;591.0;12.0;589.0;20.0;583.0;25.0;599;6;607.0;25.0;612.0;20.0;595.0;0.0
1;32200;MAGNIFICENT_MACARONS;589.0;18.0;587.0;19.0;582.0;24.0;597;9;605.0;24.0;611.0;19.0;593.0;0.0
1;32300;MAGNIFICENT_MACARONS;588.0;16.0;586.0;20.0;580.0;30.0;596;8;604.0;30.0;609.0;20.0;592.0;0.0
1;32400;MAGNIFICENT_MACARONS;588.0;16.0;586.0;16.0;580.0;29.0;592;10;596.0;8.0;604.0;29.0;590.0;0.0
1;32500;MAGNIFICENT_MACARONS;592.0;16.0;590.0;18.0;584.0;24.0;600;8;608.0;24.0;613.0;18.0;596.0;0.0
1;32600;MAGNIFICENT_MACARONS;590.0;20.0;588.0;13.0;583.0;26.0;598;10;606.0;26.0;612.0;13.0;594.0;0.0
1;32700;MAGNIFICENT_MACARONS;588.0;12.0;586.0;16.0;581.0;30.0;596;6;604.0;30.0;610.0;16.0;592.0;0.0
1;32800;MAGNIFICENT_MACARONS;589.0;14.0;587.0;14.0;582.0;29.0;594;7;597.0;7.0;605.0;29.0;591.5;0.0
1;32900;MAGNIFICENT_MACARONS;590.0;12.0;588.0;16.0;582.0;20.0;598;6;606.0;20.0;611.0;16.0;594.0;0.0
1;33000;MAGNIFICENT_MACARONS;587.0;10.0;585.0;16.0;580.0;28.0;595;5;603.0;28.0;609.0;16.0;591.0;0.0
1;33100;MAGNIFICENT_MACARONS;586.0;10.0;584.0;17.0;578.0;25.0;594;5;602.0;25.0;607.0;17.0;590.0;0.0
1;33200;MAGNIFICENT_MACARONS;592.0;5.0;588.0;10.0;586.0;20.0;596;5;604.0;23.0;609.0;20.0;594.0;0.0
1;33300;MAGNIFICENT_MACARONS;589.0;20.0;587.0;19.0;582.0;30.0;597;10;605.0;30.0;611.0;19.0;593.0;0.0
1;33400;MAGNIFICENT_MACARONS;591.0;14.0;589.0;12.0;584.0;20.0;599;7;607.0;20.0;613.0;12.0;595.0;0.0
1;33500;MAGNIFICENT_MACARONS;589.0;14.0;587.0;11.0;582.0;21.0;597;7;605.0;21.0;611.0;11.0;593.0;0.0
1;33600;MAGNIFICENT_MACARONS;589.0;14.0;587.0;18.0;581.0;27.0;597;7;605.0;27.0;610.0;18.0;593.0;0.0
1;33700;MAGNIFICENT_MACARONS;587.0;14.0;585.0;16.0;580.0;25.0;595;7;603.0;25.0;609.0;16.0;591.0;0.0
1;33800;MAGNIFICENT_MACARONS;586.0;20.0;584.0;10.0;579.0;21.0;594;10;602.0;21.0;608.0;10.0;590.0;0.0
1;33900;MAGNIFICENT_MACARONS;584.0;18.0;582.0;15.0;576.0;27.0;592;9;600.0;27.0;605.0;15.0;588.0;0.0
1;34000;MAGNIFICENT_MACARONS;583.0;2.0;579.0;16.0;577.0;20.0;587;8;595.0;28.0;600.0;20.0;585.0;0.0
1;34100;MAGNIFICENT_MACARONS;579.0;18.0;577.0;11.0;571.0;25.0;583;7;587.0;9.0;595.0;25.0;581.0;0.0
1;34200;MAGNIFICENT_MACARONS;580.0;18.0;578.0;14.0;572.0;30.0;588;9;596.0;30.0;601.0;14.0;584.0;0.0
1;34300;MAGNIFICENT_MACARONS;581.0;16.0;579.0;17.0;574.0;28.0;589;8;597.0;28.0;603.0;17.0;585.0;0.0
1;34400;MAGNIFICENT_MACARONS;579.0;14.0;577.0;16.0;571.0;28.0;587;7;595.0;28.0;600.0;16.0;583.0;0.0
1;34500;MAGNIFICENT_MACARONS;581.0;10.0;579.0;20.0;573.0;22.0;589;5;597.0;22.0;602.0;20.0;585.0;0.0
1;34600;MAGNIFICENT_MACARONS;578.0;12.0;576.0;11.0;570.0;24.0;586;6;594.0;24.0;599.0;11.0;582.0;0.0
1;34700;MAGNIFICENT_MACARONS;575.0;14.0;573.0;14.0;567.0;23.0;583;7;591.0;23.0;596.0;14.0;579.0;0.0
1;34800;MAGNIFICENT_MACARONS;575.0;12.0;573.0;16.0;568.0;22.0;583;6;591.0;22.0;597.0;16.0;579.0;0.0
1;34900;MAGNIFICENT_MACARONS;578.0;20.0;576.0;10.0;570.0;24.0;586;10;594.0;24.0;599.0;10.0;582.0;0.0
1;35000;MAGNIFICENT_MACARONS;575.0;12.0;573.0;14.0;567.0;29.0;583;6;591.0;29.0;596.0;14.0;579.0;0.0
1;35100;MAGNIFICENT_MACARONS;576.0;14.0;574.0;17.0;569.0;21.0;584;7;592.0;21.0;598.0;17.0;580.0;0.0
1;35200;MAGNIFICENT_MACARONS;577.0;16.0;575.0;13.0;570.0;24.0;585;8;593.0;24.0;599.0;13.0;581.0;0.0
1;35300;MAGNIFICENT_MACARONS;578.0;18.0;575.0;11.0;570.0;22.0;585;9;594.0;22.0;599.0;11.0;581.5;0.0
1;35400;MAGNIFICENT_MACARONS;581.0;10.0;579.0;20.0;574.0;25.0;589;5;597.0;25.0;603.0;20.0;585.0;0.0
1;35500;MAGNIFICENT_MACARONS;581.0;20.0;579.0;20.0;573.0;27.0;589;10;597.0;27.0;602.0;20.0;585.0;0.0
1;35600;MAGNIFICENT_MACARONS;578.0;14.0;576.0;19.0;571.0;23.0;586;7;594.0;23.0;600.0;19.0;582.0;0.0
1;35700;MAGNIFICENT_MACARONS;579.0;14.0;577.0;13.0;571.0;29.0;587;7;595.0;29.0;600.0;13.0;583.0;0.0
1;35800;MAGNIFICENT_MACARONS;582.0;9.0;578.0;12.0;576.0;14.0;586;6;594.0;21.0;600.0;14.0;584.0;0.0
1;35900;MAGNIFICENT_MACARONS;578.0;16.0;576.0;19.0;571.0;28.0;586;8;594.0;28.0;600.0;19.0;582.0;0.0
1;36000;MAGNIFICENT_MACARONS;577.0;18.0;575.0;10.0;569.0;30.0;585;9;593.0;30.0;598.0;10.0;581.0;0.0
1;36100;MAGNIFICENT_MACARONS;574.0;14.0;572.0;20.0;567.0;21.0;582;7;590.0;21.0;596.0;20.0;578.0;0.0
1;36200;MAGNIFICENT_MACARONS;571.0;16.0;569.0;16.0;564.0;29.0;579;8;587.0;29.0;593.0;16.0;575.0;0.0
1;36300;MAGNIFICENT_MACARONS;569.0;18.0;567.0;10.0;562.0;30.0;574;7;577.0;9.0;585.0;30.0;571.5;0.0
1;36400;MAGNIFICENT_MACARONS;571.0;12.0;569.0;16.0;563.0;28.0;579;6;587.0;28.0;592.0;16.0;575.0;0.0
1;36500;MAGNIFICENT_MACARONS;575.0;9.0;571.0;18.0;569.0;16.0;579;9;587.0;27.0;593.0;16.0;577.0;0.0
1;36600;MAGNIFICENT_MACARONS;573.0;18.0;571.0;12.0;566.0;30.0;581;9;589.0;30.0;595.0;12.0;577.0;0.0
1;36700;MAGNIFICENT_MACARONS;576.0;14.0;574.0;19.0;568.0;21.0;584;7;592.0;21.0;597.0;19.0;580.0;0.0
1;36800;MAGNIFICENT_MACARONS;576.0;20.0;574.0;14.0;568.0;23.0;584;10;592.0;23.0;597.0;14.0;580.0;0.0
1;36900;MAGNIFICENT_MACARONS;577.0;12.0;575.0;16.0;570.0;22.0;585;6;593.0;22.0;599.0;16.0;581.0;0.0
1;37000;MAGNIFICENT_MACARONS;580.0;20.0;578.0;11.0;572.0;20.0;588;10;596.0;20.0;601.0;11.0;584.0;0.0
1;37100;MAGNIFICENT_MACARONS;579.0;12.0;577.0;15.0;571.0;24.0;587;6;595.0;24.0;600.0;15.0;583.0;0.0
1;37200;MAGNIFICENT_MACARONS;578.0;10.0;576.0;15.0;570.0;27.0;586;5;594.0;27.0;599.0;15.0;582.0;0.0
1;37300;MAGNIFICENT_MACARONS;575.0;16.0;573.0;16.0;568.0;22.0;583;8;591.0;22.0;597.0;16.0;579.0;0.0
1;37400;MAGNIFICENT_MACARONS;578.0;10.0;576.0;13.0;571.0;22.0;586;5;594.0;22.0;600.0;13.0;582.0;0.0
1;37500;MAGNIFICENT_MACARONS;579.0;14.0;577.0;14.0;572.0;30.0;587;7;595.0;30.0;601.0;14.0;583.0;0.0
1;37600;MAGNIFICENT_MACARONS;584.0;14.0;582.0;19.0;577.0;24.0;592;7;600.0;24.0;606.0;19.0;588.0;0.0
1;37700;MAGNIFICENT_MACARONS;584.0;18.0;582.0;10.0;576.0;20.0;592;9;600.0;20.0;605.0;10.0;588.0;0.0
1;37800;MAGNIFICENT_MACARONS;581.0;12.0;579.0;16.0;574.0;23.0;589;6;597.0;23.0;603.0;16.0;585.0;0.0
1;37900;MAGNIFICENT_MACARONS;581.0;16.0;579.0;20.0;573.0;27.0;589;8;597.0;27.0;602.0;20.0;585.0;0.0
1;38000;MAGNIFICENT_MACARONS;582.0;18.0;580.0;20.0;574.0;30.0;590;9;598.0;30.0;603.0;20.0;586.0;0.0
1;38100;MAGNIFICENT_MACARONS;581.0;10.0;579.0;10.0;574.0;28.0;589;5;597.0;28.0;603.0;10.0;585.0;0.0
1;38200;MAGNIFICENT_MACARONS;584.0;10.0;580.0;16.0;578.0;16.0;588;8;596.0;29.0;602.0;16.0;586.0;0.0
1;38300;MAGNIFICENT_MACARONS;581.0;20.0;579.0;15.0;574.0;22.0;589;10;597.0;22.0;603.0;15.0;585.0;0.0
1;38400;MAGNIFICENT_MACARONS;583.0;18.0;581.0;18.0;576.0;29.0;591;9;599.0;29.0;605.0;18.0;587.0;0.0
1;38500;MAGNIFICENT_MACARONS;586.0;10.0;584.0;18.0;579.0;22.0;594;5;602.0;22.0;608.0;18.0;590.0;0.0
1;38600;MAGNIFICENT_MACARONS;590.0;12.0;588.0;13.0;583.0;29.0;598;6;606.0;29.0;612.0;13.0;594.0;0.0
1;38700;MAGNIFICENT_MACARONS;590.0;14.0;588.0;10.0;583.0;20.0;598;7;606.0;20.0;612.0;10.0;594.0;0.0
1;38800;MAGNIFICENT_MACARONS;592.0;14.0;590.0;10.0;584.0;25.0;600;7;608.0;25.0;613.0;10.0;596.0;0.0
1;38900;MAGNIFICENT_MACARONS;591.0;10.0;589.0;18.0;584.0;23.0;599;5;607.0;23.0;613.0;18.0;595.0;0.0
1;39000;MAGNIFICENT_MACARONS;588.0;14.0;586.0;15.0;581.0;23.0;596;7;604.0;23.0;610.0;15.0;592.0;0.0
1;39100;MAGNIFICENT_MACARONS;586.0;10.0;584.0;16.0;578.0;28.0;594;5;602.0;28.0;607.0;16.0;590.0;0.0
1;39200;MAGNIFICENT_MACARONS;588.0;14.0;586.0;15.0;581.0;21.0;596;7;604.0;21.0;610.0;15.0;592.0;0.0
1;39300;MAGNIFICENT_MACARONS;587.0;16.0;585.0;11.0;579.0;24.0;595;8;603.0;24.0;608.0;11.0;591.0;0.0
1;39400;MAGNIFICENT_MACARONS;591.0;5.0;588.0;10.0;586.0;11.0;596;5;604.0;21.0;609.0;11.0;593.5;0.0
1;39500;MAGNIFICENT_MACARONS;590.0;18.0;588.0;19.0;582.0;29.0;598;9;606.0;29.0;611.0;19.0;594.0;0.0
1;39600;MAGNIFICENT_MACARONS;587.0;16.0;585.0;19.0;580.0;30.0;595;8;603.0;30.0;609.0;19.0;591.0;0.0
1;39700;MAGNIFICENT_MACARONS;581.0;16.0;579.0;11.0;574.0;29.0;589;8;597.0;29.0;603.0;11.0;585.0;0.0
1;39800;MAGNIFICENT_MACARONS;581.0;10.0;579.0;13.0;574.0;22.0;589;5;597.0;22.0;603.0;13.0;585.0;0.0
1;39900;MAGNIFICENT_MACARONS;577.0;18.0;575.0;19.0;570.0;28.0;585;9;593.0;28.0;599.0;19.0;581.0;0.0
1;40000;MAGNIFICENT_MACARONS;579.0;12.0;577.0;19.0;571.0;25.0;587;6;595.0;25.0;600.0;19.0;583.0;0.0
1;40100;MAGNIFICENT_MACARONS;577.0;14.0;575.0;19.0;570.0;30.0;585;7;593.0;30.0;599.0;19.0;581.0;0.0
1;40200;MAGNIFICENT_MACARONS;580.0;14.0;578.0;16.0;573.0;24.0;588;7;596.0;24.0;602.0;16.0;584.0;0.0
1;40300;MAGNIFICENT_MACARONS;576.0;20.0;574.0;20.0;569.0;29.0;584;10;592.0;29.0;598.0;20.0;580.0;0.0
1;40400;MAGNIFICENT_MACARONS;576.0;16.0;574.0;20.0;569.0;23.0;584;8;592.0;23.0;598.0;20.0;580.0;0.0
1;40500;MAGNIFICENT_MACARONS;574.0;10.0;572.0;14.0;566.0;21.0;582;5;590.0;21.0;595.0;14.0;578.0;0.0
1;40600;MAGNIFICENT_MACARONS;573.0;10.0;569.0;18.0;567.0;12.0;577;9;585.0;28.0;591.0;12.0;575.0;0.0
1;40700;MAGNIFICENT_MACARONS;573.0;12.0;571.0;15.0;565.0;29.0;581;6;589.0;29.0;594.0;15.0;577.0;0.0
1;40800;MAGNIFICENT_MACARONS;577.0;16.0;575.0;18.0;569.0;21.0;585;8;593.0;21.0;598.0;18.0;581.0;0.0
1;40900;MAGNIFICENT_MACARONS;579.0;6.0;575.0;20.0;573.0;16.0;583;10;591.0;25.0;597.0;16.0;581.0;0.0
1;41000;MAGNIFICENT_MACARONS;576.0;20.0;574.0;16.0;569.0;20.0;584;10;592.0;20.0;598.0;16.0;580.0;0.0
1;41100;MAGNIFICENT_MACARONS;578.0;14.0;576.0;19.0;571.0;23.0;586;7;594.0;23.0;600.0;19.0;582.0;0.0
1;41200;MAGNIFICENT_MACARONS;576.0;20.0;574.0;19.0;568.0;20.0;584;10;592.0;20.0;597.0;19.0;580.0;0.0
1;41300;MAGNIFICENT_MACARONS;578.0;12.0;576.0;20.0;571.0;27.0;586;6;594.0;27.0;600.0;20.0;582.0;0.0
1;41400;MAGNIFICENT_MACARONS;580.0;20.0;578.0;19.0;572.0;29.0;588;10;596.0;29.0;601.0;19.0;584.0;0.0
1;41500;MAGNIFICENT_MACARONS;575.0;14.0;573.0;16.0;567.0;29.0;583;7;591.0;29.0;596.0;16.0;579.0;0.0
1;41600;MAGNIFICENT_MACARONS;573.0;10.0;571.0;13.0;566.0;26.0;578;8;581.0;5.0;589.0;26.0;575.5;0.0
1;41700;MAGNIFICENT_MACARONS;574.0;16.0;572.0;19.0;567.0;23.0;582;8;590.0;23.0;596.0;19.0;578.0;0.0
1;41800;MAGNIFICENT_MACARONS;575.0;16.0;573.0;19.0;567.0;21.0;583;8;591.0;21.0;596.0;19.0;579.0;0.0
1;41900;MAGNIFICENT_MACARONS;574.0;14.0;572.0;16.0;567.0;28.0;582;7;590.0;28.0;596.0;16.0;578.0;0.0
1;42000;MAGNIFICENT_MACARONS;573.0;16.0;571.0;11.0;565.0;27.0;581;8;589.0;27.0;594.0;11.0;577.0;0.0
1;42100;MAGNIFICENT_MACARONS;578.0;5.0;574.0;16.0;572.0;15.0;582;8;590.0;22.0;596.0;15.0;580.0;0.0
1;42200;MAGNIFICENT_MACARONS;575.0;14.0;573.0;19.0;567.0;22.0;583;7;591.0;22.0;596.0;19.0;579.0;0.0
1;42300;MAGNIFICENT_MACARONS;576.0;14.0;574.0;15.0;569.0;20.0;584;7;592.0;20.0;598.0;15.0;580.0;0.0
1;42400;MAGNIFICENT_MACARONS;574.0;14.0;572.0;16.0;567.0;26.0;582;7;590.0;26.0;596.0;16.0;578.0;0.0
1;42500;MAGNIFICENT_MACARONS;573.0;20.0;571.0;13.0;566.0;24.0;581;10;589.0;24.0;595.0;13.0;577.0;0.0
1;42600;MAGNIFICENT_MACARONS;577.0;16.0;575.0;16.0;569.0;28.0;585;8;593.0;28.0;598.0;16.0;581.0;0.0
1;42700;MAGNIFICENT_MACARONS;577.0;16.0;575.0;13.0;569.0;23.0;585;8;593.0;23.0;598.0;13.0;581.0;0.0
1;42800;MAGNIFICENT_MACARONS;578.0;14.0;576.0;17.0;570.0;29.0;586;7;594.0;29.0;599.0;17.0;582.0;0.0
1;42900;MAGNIFICENT_MACARONS;575.0;10.0;573.0;17.0;568.0;20.0;583;5;591.0;20.0;597.0;17.0;579.0;0.0
1;43000;MAGNIFICENT_MACARONS;572.0;18.0;570.0;17.0;565.0;26.0;580;9;588.0;26.0;594.0;17.0;576.0;0.0
1;43100;MAGNIFICENT_MACARONS;570.0;20.0;568.0;13.0;563.0;24.0;578;10;586.0;24.0;592.0;13.0;574.0;0.0
1;43200;MAGNIFICENT_MACARONS;570.0;18.0;568.0;13.0;563.0;29.0;578;9;586.0;29.0;592.0;13.0;574.0;0.0
1;43300;MAGNIFICENT_MACARONS;571.0;16.0;569.0;17.0;563.0;20.0;579;8;587.0;20.0;592.0;17.0;575.0;0.0
1;43400;MAGNIFICENT_MACARONS;572.0;12.0;570.0;15.0;565.0;22.0;580;6;588.0;22.0;594.0;15.0;576.0;0.0
1;43500;MAGNIFICENT_MACARONS;576.0;10.0;574.0;13.0;568.0;24.0;584;5;592.0;24.0;597.0;13.0;580.0;0.0
1;43600;MAGNIFICENT_MACARONS;571.0;14.0;569.0;11.0;564.0;22.0;579;7;587.0;22.0;593.0;11.0;575.0;0.0
1;43700;MAGNIFICENT_MACARONS;572.0;16.0;570.0;18.0;564.0;29.0;580;8;588.0;29.0;593.0;18.0;576.0;0.0
1;43800;MAGNIFICENT_MACARONS;573.0;18.0;571.0;17.0;565.0;22.0;581;9;589.0;22.0;594.0;17.0;577.0;0.0
1;43900;MAGNIFICENT_MACARONS;569.0;10.0;567.0;11.0;561.0;24.0;577;5;585.0;24.0;590.0;11.0;573.0;0.0
1;44000;MAGNIFICENT_MACARONS;570.0;16.0;568.0;16.0;562.0;25.0;578;8;586.0;25.0;591.0;16.0;574.0;0.0
1;44100;MAGNIFICENT_MACARONS;568.0;12.0;566.0;13.0;560.0;22.0;576;6;584.0;22.0;589.0;13.0;572.0;0.0
1;44200;MAGNIFICENT_MACARONS;570.0;18.0;568.0;14.0;562.0;24.0;578;9;586.0;24.0;591.0;14.0;574.0;0.0
1;44300;MAGNIFICENT_MACARONS;567.0;14.0;565.0;10.0;560.0;24.0;575;7;583.0;24.0;589.0;10.0;571.0;0.0
1;44400;MAGNIFICENT_MACARONS;574.0;18.0;572.0;13.0;566.0;25.0;582;9;590.0;25.0;595.0;13.0;578.0;0.0
1;44500;MAGNIFICENT_MACARONS;570.0;16.0;568.0;14.0;563.0;30.0;578;8;586.0;30.0;592.0;14.0;574.0;0.0
1;44600;MAGNIFICENT_MACARONS;572.0;18.0;570.0;20.0;564.0;21.0;580;9;588.0;21.0;593.0;20.0;576.0;0.0
1;44700;MAGNIFICENT_MACARONS;567.0;12.0;565.0;13.0;559.0;25.0;575;6;583.0;25.0;588.0;13.0;571.0;0.0
1;44800;MAGNIFICENT_MACARONS;572.0;8.0;568.0;20.0;566.0;10.0;576;10;584.0;25.0;590.0;10.0;574.0;0.0
1;44900;MAGNIFICENT_MACARONS;564.0;12.0;562.0;20.0;557.0;21.0;572;6;580.0;21.0;586.0;20.0;568.0;0.0
1;45000;MAGNIFICENT_MACARONS;567.0;12.0;565.0;19.0;560.0;27.0;575;6;583.0;27.0;589.0;19.0;571.0;0.0
1;45100;MAGNIFICENT_MACARONS;570.0;10.0;568.0;20.0;563.0;27.0;578;5;586.0;27.0;592.0;20.0;574.0;0.0
1;45200;MAGNIFICENT_MACARONS;570.0;14.0;568.0;13.0;562.0;20.0;578;7;586.0;20.0;592.0;13.0;574.0;0.0
1;45300;MAGNIFICENT_MACARONS;573.0;20.0;571.0;15.0;565.0;23.0;581;10;589.0;23.0;594.0;15.0;577.0;0.0
1;45400;MAGNIFICENT_MACARONS;574.0;14.0;572.0;17.0;567.0;25.0;579;8;582.0;7.0;590.0;25.0;576.5;0.0
1;45500;MAGNIFICENT_MACARONS;576.0;16.0;574.0;12.0;568.0;20.0;584;8;592.0;20.0;597.0;12.0;580.0;0.0
1;45600;MAGNIFICENT_MACARONS;575.0;18.0;573.0;16.0;568.0;23.0;580;10;583.0;9.0;591.0;23.0;577.5;0.0
1;45700;MAGNIFICENT_MACARONS;577.0;10.0;575.0;11.0;570.0;21.0;585;5;593.0;21.0;599.0;11.0;581.0;0.0
1;45800;MAGNIFICENT_MACARONS;576.0;12.0;574.0;17.0;568.0;30.0;584;6;592.0;30.0;597.0;17.0;580.0;0.0
1;45900;MAGNIFICENT_MACARONS;574.0;14.0;572.0;16.0;567.0;25.0;582;7;590.0;25.0;596.0;16.0;578.0;0.0
1;46000;MAGNIFICENT_MACARONS;572.0;12.0;570.0;16.0;565.0;23.0;580;6;588.0;23.0;594.0;16.0;576.0;0.0
1;46100;MAGNIFICENT_MACARONS;574.0;14.0;572.0;13.0;567.0;25.0;582;7;590.0;25.0;596.0;13.0;578.0;0.0
1;46200;MAGNIFICENT_MACARONS;576.0;16.0;574.0;15.0;569.0;24.0;584;8;592.0;24.0;598.0;15.0;580.0;0.0
1;46300;MAGNIFICENT_MACARONS;577.0;16.0;575.0;11.0;569.0;26.0;585;8;593.0;26.0;598.0;11.0;581.0;0.0
1;46400;MAGNIFICENT_MACARONS;575.0;18.0;573.0;12.0;568.0;24.0;580;8;583.0;9.0;591.0;24.0;577.5;0.0
1;46500;MAGNIFICENT_MACARONS;579.0;10.0;577.0;20.0;572.0;29.0;587;5;595.0;29.0;601.0;20.0;583.0;0.0
1;46600;MAGNIFICENT_MACARONS;579.0;18.0;577.0;20.0;571.0;28.0;587;9;595.0;28.0;600.0;20.0;583.0;0.0
1;46700;MAGNIFICENT_MACARONS;584.0;16.0;582.0;14.0;577.0;29.0;589;5;592.0;8.0;600.0;29.0;586.5;0.0
1;46800;MAGNIFICENT_MACARONS;586.0;18.0;584.0;12.0;578.0;25.0;594;9;602.0;25.0;607.0;12.0;590.0;0.0
1;46900;MAGNIFICENT_MACARONS;585.0;14.0;583.0;17.0;577.0;29.0;593;7;601.0;29.0;606.0;17.0;589.0;0.0
1;47000;MAGNIFICENT_MACARONS;587.0;10.0;585.0;20.0;579.0;22.0;595;5;603.0;22.0;608.0;20.0;591.0;0.0
1;47100;MAGNIFICENT_MACARONS;585.0;16.0;583.0;15.0;578.0;22.0;593;8;601.0;22.0;607.0;15.0;589.0;0.0
1;47200;MAGNIFICENT_MACARONS;584.0;14.0;582.0;19.0;577.0;21.0;592;7;600.0;21.0;606.0;19.0;588.0;0.0
1;47300;MAGNIFICENT_MACARONS;578.0;14.0;576.0;19.0;571.0;21.0;586;7;594.0;21.0;600.0;19.0;582.0;0.0
1;47400;MAGNIFICENT_MACARONS;580.0;10.0;578.0;20.0;572.0;22.0;588;5;596.0;22.0;601.0;20.0;584.0;0.0
1;47500;MAGNIFICENT_MACARONS;580.0;16.0;578.0;11.0;572.0;21.0;588;8;596.0;21.0;601.0;11.0;584.0;0.0
1;47600;MAGNIFICENT_MACARONS;580.0;18.0;578.0;15.0;573.0;21.0;588;9;596.0;21.0;602.0;15.0;584.0;0.0
1;47700;MAGNIFICENT_MACARONS;577.0;10.0;575.0;15.0;570.0;23.0;582;9;585.0;5.0;593.0;23.0;579.5;0.0
1;47800;MAGNIFICENT_MACARONS;580.0;12.0;578.0;20.0;572.0;20.0;588;6;596.0;20.0;601.0;20.0;584.0;0.0
1;47900;MAGNIFICENT_MACARONS;577.0;10.0;575.0;14.0;570.0;23.0;585;5;593.0;23.0;599.0;14.0;581.0;0.0
1;48000;MAGNIFICENT_MACARONS;575.0;10.0;573.0;20.0;568.0;26.0;583;5;591.0;26.0;597.0;20.0;579.0;0.0
1;48100;MAGNIFICENT_MACARONS;575.0;12.0;573.0;12.0;568.0;29.0;583;6;591.0;29.0;597.0;12.0;579.0;0.0
1;48200;MAGNIFICENT_MACARONS;578.0;14.0;576.0;16.0;570.0;26.0;586;7;594.0;26.0;599.0;16.0;582.0;0.0
1;48300;MAGNIFICENT_MACARONS;575.0;16.0;573.0;17.0;568.0;20.0;579;3;583.0;8.0;591.0;20.0;577.0;0.0
1;48400;MAGNIFICENT_MACARONS;573.0;18.0;571.0;20.0;566.0;30.0;581;9;589.0;30.0;595.0;20.0;577.0;0.0
1;48500;MAGNIFICENT_MACARONS;572.0;16.0;570.0;19.0;565.0;29.0;580;8;588.0;29.0;594.0;19.0;576.0;0.0
1;48600;MAGNIFICENT_MACARONS;571.0;20.0;569.0;18.0;564.0;26.0;579;10;587.0;26.0;593.0;18.0;575.0;0.0
1;48700;MAGNIFICENT_MACARONS;575.0;10.0;573.0;13.0;567.0;22.0;583;5;591.0;22.0;596.0;13.0;579.0;0.0
1;48800;MAGNIFICENT_MACARONS;575.0;18.0;573.0;19.0;568.0;28.0;583;9;591.0;28.0;597.0;19.0;579.0;0.0
1;48900;MAGNIFICENT_MACARONS;578.0;10.0;576.0;13.0;571.0;22.0;586;5;594.0;22.0;600.0;13.0;582.0;0.0
1;49000;MAGNIFICENT_MACARONS;583.0;16.0;581.0;19.0;575.0;28.0;591;8;599.0;28.0;604.0;19.0;587.0;0.0
1;49100;MAGNIFICENT_MACARONS;584.0;14.0;582.0;19.0;577.0;30.0;592;7;600.0;30.0;606.0;19.0;588.0;0.0
1;49200;MAGNIFICENT_MACARONS;586.0;16.0;584.0;19.0;578.0;25.0;594;8;602.0;25.0;607.0;19.0;590.0;0.0
1;49300;MAGNIFICENT_MACARONS;586.0;16.0;584.0;16.0;578.0;29.0;594;8;602.0;29.0;607.0;16.0;590.0;0.0
1;49400;MAGNIFICENT_MACARONS;585.0;16.0;583.0;14.0;578.0;22.0;593;8;601.0;22.0;607.0;14.0;589.0;0.0
1;49500;MAGNIFICENT_MACARONS;586.0;18.0;584.0;11.0;579.0;24.0;594;9;602.0;24.0;608.0;11.0;590.0;0.0
1;49600;MAGNIFICENT_MACARONS;584.0;10.0;582.0;15.0;576.0;28.0;592;5;600.0;28.0;605.0;15.0;588.0;0.0
1;49700;MAGNIFICENT_MACARONS;583.0;12.0;581.0;15.0;575.0;21.0;591;6;599.0;21.0;604.0;15.0;587.0;0.0
1;49800;MAGNIFICENT_MACARONS;582.0;20.0;580.0;15.0;575.0;20.0;590;10;598.0;20.0;604.0;15.0;586.0;0.0
1;49900;MAGNIFICENT_MACARONS;583.0;20.0;581.0;16.0;576.0;23.0;591;10;599.0;23.0;605.0;16.0;587.0;0.0
1;50000;MAGNIFICENT_MACARONS;583.0;10.0;581.0;16.0;576.0;24.0;591;5;599.0;24.0;605.0;16.0;587.0;0.0
1;50100;MAGNIFICENT_MACARONS;582.0;14.0;580.0;12.0;574.0;22.0;590;7;598.0;22.0;603.0;12.0;586.0;0.0
1;50200;MAGNIFICENT_MACARONS;582.0;18.0;580.0;14.0;574.0;28.0;590;9;598.0;28.0;603.0;14.0;586.0;0.0
1;50300;MAGNIFICENT_MACARONS;583.0;16.0;581.0;11.0;575.0;23.0;591;8;599.0;23.0;604.0;11.0;587.0;0.0
1;50400;MAGNIFICENT_MACARONS;587.0;18.0;585.0;18.0;579.0;21.0;595;9;603.0;21.0;608.0;18.0;591.0;0.0
1;50500;MAGNIFICENT_MACARONS;586.0;12.0;584.0;18.0;578.0;27.0;594;6;602.0;27.0;607.0;18.0;590.0;0.0
1;50600;MAGNIFICENT_MACARONS;587.0;18.0;585.0;11.0;579.0;22.0;595;9;603.0;22.0;608.0;11.0;591.0;0.0
1;50700;MAGNIFICENT_MACARONS;582.0;18.0;580.0;11.0;574.0;20.0;590;9;598.0;20.0;603.0;11.0;586.0;0.0
1;50800;MAGNIFICENT_MACARONS;585.0;7.0;581.0;16.0;579.0;19.0;589;8;597.0;26.0;603.0;19.0;587.0;0.0
1;50900;MAGNIFICENT_MACARONS;581.0;20.0;579.0;13.0;574.0;30.0;589;10;597.0;30.0;603.0;13.0;585.0;0.0
1;51000;MAGNIFICENT_MACARONS;582.0;10.0;578.0;10.0;576.0;19.0;586;5;594.0;23.0;600.0;19.0;584.0;0.0
1;51100;MAGNIFICENT_MACARONS;578.0;16.0;576.0;13.0;570.0;29.0;586;8;594.0;29.0;599.0;13.0;582.0;0.0
1;51200;MAGNIFICENT_MACARONS;578.0;20.0;576.0;16.0;570.0;30.0;586;10;594.0;30.0;599.0;16.0;582.0;0.0
1;51300;MAGNIFICENT_MACARONS;579.0;18.0;577.0;16.0;571.0;23.0;582;5;587.0;9.0;595.0;23.0;580.5;0.0
1;51400;MAGNIFICENT_MACARONS;583.0;14.0;581.0;16.0;575.0;22.0;591;7;599.0;22.0;604.0;16.0;587.0;0.0
1;51500;MAGNIFICENT_MACARONS;581.0;20.0;579.0;14.0;574.0;21.0;589;10;597.0;21.0;603.0;14.0;585.0;0.0
1;51600;MAGNIFICENT_MACARONS;580.0;20.0;578.0;10.0;573.0;21.0;588;10;596.0;21.0;602.0;10.0;584.0;0.0
1;51700;MAGNIFICENT_MACARONS;581.0;18.0;579.0;18.0;574.0;30.0;589;9;597.0;30.0;603.0;18.0;585.0;0.0
1;51800;MAGNIFICENT_MACARONS;583.0;18.0;581.0;16.0;576.0;25.0;591;9;599.0;25.0;605.0;16.0;587.0;0.0
1;51900;MAGNIFICENT_MACARONS;582.0;16.0;580.0;10.0;575.0;26.0;590;8;598.0;26.0;604.0;10.0;586.0;0.0
1;52000;MAGNIFICENT_MACARONS;582.0;20.0;580.0;16.0;574.0;21.0;590;10;598.0;21.0;603.0;16.0;586.0;0.0
1;52100;MAGNIFICENT_MACARONS;583.0;18.0;581.0;12.0;576.0;27.0;591;9;599.0;27.0;605.0;12.0;587.0;0.0
1;52200;MAGNIFICENT_MACARONS;584.0;12.0;581.0;14.0;576.0;23.0;591;6;600.0;23.0;605.0;14.0;587.5;0.0
1;52300;MAGNIFICENT_MACARONS;580.0;20.0;578.0;13.0;572.0;30.0;588;10;596.0;30.0;601.0;13.0;584.0;0.0
1;52400;MAGNIFICENT_MACARONS;579.0;18.0;577.0;20.0;571.0;20.0;587;9;595.0;20.0;600.0;20.0;583.0;0.0
1;52500;MAGNIFICENT_MACARONS;584.0;16.0;582.0;17.0;577.0;25.0;592;8;600.0;25.0;606.0;17.0;588.0;0.0
1;52600;MAGNIFICENT_MACARONS;583.0;18.0;581.0;16.0;576.0;30.0;591;9;599.0;30.0;605.0;16.0;587.0;0.0
1;52700;MAGNIFICENT_MACARONS;585.0;12.0;583.0;19.0;577.0;24.0;593;6;601.0;24.0;606.0;19.0;589.0;0.0
1;52800;MAGNIFICENT_MACARONS;583.0;12.0;581.0;15.0;575.0;26.0;591;6;599.0;26.0;604.0;15.0;587.0;0.0
1;52900;MAGNIFICENT_MACARONS;580.0;18.0;578.0;10.0;573.0;26.0;588;9;596.0;26.0;602.0;10.0;584.0;0.0
1;53000;MAGNIFICENT_MACARONS;583.0;10.0;581.0;19.0;575.0;29.0;591;5;599.0;29.0;604.0;19.0;587.0;0.0
1;53100;MAGNIFICENT_MACARONS;585.0;12.0;583.0;16.0;578.0;21.0;593;6;601.0;21.0;607.0;16.0;589.0;0.0
1;53200;MAGNIFICENT_MACARONS;584.0;20.0;582.0;20.0;576.0;23.0;592;10;600.0;23.0;605.0;20.0;588.0;0.0
1;53300;MAGNIFICENT_MACARONS;583.0;10.0;581.0;17.0;576.0;20.0;591;5;599.0;20.0;605.0;17.0;587.0;0.0
1;53400;MAGNIFICENT_MACARONS;584.0;10.0;582.0;14.0;577.0;30.0;589;5;592.0;5.0;600.0;30.0;586.5;0.0
1;53500;MAGNIFICENT_MACARONS;583.0;18.0;581.0;13.0;576.0;25.0;591;9;599.0;25.0;605.0;13.0;587.0;0.0
1;53600;MAGNIFICENT_MACARONS;585.0;18.0;583.0;12.0;577.0;22.0;593;9;601.0;22.0;606.0;12.0;589.0;0.0
1;53700;MAGNIFICENT_MACARONS;587.0;10.0;583.0;14.0;581.0;19.0;591;7;599.0;23.0;605.0;19.0;589.0;0.0
1;53800;MAGNIFICENT_MACARONS;585.0;14.0;583.0;15.0;577.0;29.0;589;8;593.0;7.0;601.0;29.0;587.0;0.0
1;53900;MAGNIFICENT_MACARONS;584.0;20.0;582.0;14.0;576.0;25.0;592;10;600.0;25.0;605.0;14.0;588.0;0.0
1;54000;MAGNIFICENT_MACARONS;586.0;16.0;584.0;12.0;579.0;21.0;594;8;602.0;21.0;608.0;12.0;590.0;0.0
1;54100;MAGNIFICENT_MACARONS;583.0;10.0;581.0;17.0;575.0;21.0;591;5;599.0;21.0;604.0;17.0;587.0;0.0
1;54200;MAGNIFICENT_MACARONS;584.0;18.0;582.0;12.0;577.0;20.0;592;9;600.0;20.0;606.0;12.0;588.0;0.0
1;54300;MAGNIFICENT_MACARONS;583.0;18.0;581.0;16.0;576.0;26.0;591;9;599.0;26.0;605.0;16.0;587.0;0.0
1;54400;MAGNIFICENT_MACARONS;583.0;18.0;581.0;15.0;575.0;22.0;591;9;599.0;22.0;604.0;15.0;587.0;0.0
1;54500;MAGNIFICENT_MACARONS;583.0;18.0;581.0;12.0;576.0;27.0;591;9;599.0;27.0;605.0;12.0;587.0;0.0
1;54600;MAGNIFICENT_MACARONS;585.0;18.0;583.0;17.0;577.0;29.0;593;9;601.0;29.0;606.0;17.0;589.0;0.0
1;54700;MAGNIFICENT_MACARONS;587.0;18.0;585.0;20.0;579.0;22.0;595;9;603.0;22.0;608.0;20.0;591.0;0.0
1;54800;MAGNIFICENT_MACARONS;586.0;10.0;583.0;12.0;578.0;23.0;593;5;601.0;23.0;606.0;12.0;589.5;0.0
1;54900;MAGNIFICENT_MACARONS;586.0;20.0;584.0;15.0;578.0;22.0;593;10;601.0;22.0;606.0;15.0;589.5;0.0
1;55000;MAGNIFICENT_MACARONS;580.0;18.0;578.0;18.0;573.0;20.0;587;9;595.0;20.0;600.0;18.0;583.5;0.0
1;55100;MAGNIFICENT_MACARONS;583.0;18.0;580.0;13.0;575.0;24.0;590;9;598.0;24.0;603.0;13.0;586.5;0.0
1;55200;MAGNIFICENT_MACARONS;581.0;14.0;578.0;13.0;573.0;25.0;588;7;596.0;25.0;601.0;13.0;584.5;0.0
1;55300;MAGNIFICENT_MACARONS;582.0;18.0;580.0;11.0;575.0;22.0;589;9;597.0;22.0;602.0;11.0;585.5;0.0
1;55400;MAGNIFICENT_MACARONS;578.0;10.0;576.0;12.0;571.0;27.0;585;5;593.0;27.0;598.0;12.0;581.5;0.0
1;55500;MAGNIFICENT_MACARONS;575.0;16.0;573.0;10.0;568.0;22.0;582;8;590.0;22.0;595.0;10.0;578.5;0.0
1;55600;MAGNIFICENT_MACARONS;580.0;7.0;577.0;12.0;574.0;11.0;584;6;592.0;23.0;597.0;11.0;582.0;0.0
1;55700;MAGNIFICENT_MACARONS;577.0;16.0;575.0;18.0;570.0;21.0;584;8;592.0;21.0;597.0;18.0;580.5;0.0
1;55800;MAGNIFICENT_MACARONS;577.0;18.0;575.0;10.0;570.0;25.0;584;9;592.0;25.0;597.0;10.0;580.5;0.0
1;55900;MAGNIFICENT_MACARONS;579.0;16.0;576.0;20.0;571.0;20.0;586;8;594.0;20.0;599.0;20.0;582.5;0.0
1;56000;MAGNIFICENT_MACARONS;578.0;10.0;575.0;17.0;570.0;24.0;581;2;585.0;5.0;593.0;24.0;579.5;0.0
1;56100;MAGNIFICENT_MACARONS;577.0;10.0;574.0;10.0;569.0;27.0;584;5;592.0;27.0;597.0;10.0;580.5;0.0
1;56200;MAGNIFICENT_MACARONS;580.0;20.0;577.0;11.0;572.0;30.0;587;10;595.0;30.0;600.0;11.0;583.5;0.0
1;56300;MAGNIFICENT_MACARONS;584.0;16.0;581.0;13.0;576.0;28.0;591;8;599.0;28.0;604.0;13.0;587.5;0.0
1;56400;MAGNIFICENT_MACARONS;581.0;10.0;579.0;13.0;574.0;27.0;588;5;596.0;27.0;601.0;13.0;584.5;0.0
1;56500;MAGNIFICENT_MACARONS;584.0;20.0;582.0;12.0;577.0;21.0;591;10;599.0;21.0;604.0;12.0;587.5;0.0
1;56600;MAGNIFICENT_MACARONS;588.0;18.0;585.0;20.0;580.0;28.0;595;9;603.0;28.0;608.0;20.0;591.5;0.0
1;56700;MAGNIFICENT_MACARONS;585.0;14.0;583.0;17.0;578.0;27.0;592;7;600.0;27.0;605.0;17.0;588.5;0.0
1;56800;MAGNIFICENT_MACARONS;584.0;12.0;582.0;13.0;577.0;23.0;591;6;599.0;23.0;604.0;13.0;587.5;0.0
1;56900;MAGNIFICENT_MACARONS;586.0;10.0;584.0;14.0;579.0;20.0;593;5;601.0;20.0;606.0;14.0;589.5;0.0
1;57000;MAGNIFICENT_MACARONS;589.0;12.0;587.0;20.0;582.0;20.0;596;6;604.0;20.0;609.0;20.0;592.5;0.0
1;57100;MAGNIFICENT_MACARONS;588.0;18.0;586.0;19.0;581.0;24.0;595;9;603.0;24.0;608.0;19.0;591.5;0.0
1;57200;MAGNIFICENT_MACARONS;589.0;12.0;586.0;11.0;581.0;25.0;596;6;604.0;25.0;609.0;11.0;592.5;0.0
1;57300;MAGNIFICENT_MACARONS;591.0;10.0;589.0;14.0;584.0;30.0;598;5;606.0;30.0;611.0;14.0;594.5;0.0
1;57400;MAGNIFICENT_MACARONS;592.0;18.0;590.0;14.0;585.0;27.0;599;9;607.0;27.0;612.0;14.0;595.5;0.0
1;57500;MAGNIFICENT_MACARONS;594.0;14.0;592.0;11.0;587.0;21.0;601;7;609.0;21.0;614.0;11.0;597.5;0.0
1;57600;MAGNIFICENT_MACARONS;595.0;10.0;592.0;20.0;587.0;20.0;602;5;610.0;20.0;615.0;20.0;598.5;0.0
1;57700;MAGNIFICENT_MACARONS;598.0;14.0;595.0;19.0;590.0;21.0;605;7;613.0;21.0;618.0;19.0;601.5;0.0
1;57800;MAGNIFICENT_MACARONS;595.0;10.0;592.0;12.0;587.0;26.0;602;5;610.0;26.0;615.0;12.0;598.5;0.0
1;57900;MAGNIFICENT_MACARONS;596.0;20.0;594.0;16.0;589.0;26.0;603;10;611.0;26.0;616.0;16.0;599.5;0.0
1;58000;MAGNIFICENT_MACARONS;596.0;10.0;594.0;19.0;589.0;28.0;603;5;611.0;28.0;616.0;19.0;599.5;0.0
1;58100;MAGNIFICENT_MACARONS;598.0;12.0;595.0;13.0;590.0;20.0;605;6;613.0;20.0;618.0;13.0;601.5;0.0
1;58200;MAGNIFICENT_MACARONS;594.0;20.0;591.0;19.0;586.0;27.0;601;10;609.0;27.0;614.0;19.0;597.5;0.0
1;58300;MAGNIFICENT_MACARONS;593.0;18.0;591.0;10.0;586.0;28.0;600;9;608.0;28.0;613.0;10.0;596.5;0.0
1;58400;MAGNIFICENT_MACARONS;594.0;14.0;591.0;13.0;586.0;25.0;601;7;609.0;25.0;614.0;13.0;597.5;0.0
1;58500;MAGNIFICENT_MACARONS;592.0;12.0;590.0;17.0;585.0;20.0;599;6;607.0;20.0;612.0;17.0;595.5;0.0
1;58600;MAGNIFICENT_MACARONS;592.0;14.0;590.0;13.0;585.0;22.0;599;7;607.0;22.0;612.0;13.0;595.5;0.0
1;58700;MAGNIFICENT_MACARONS;596.0;12.0;594.0;19.0;589.0;29.0;603;6;611.0;29.0;616.0;19.0;599.5;0.0
1;58800;MAGNIFICENT_MACARONS;600.0;12.0;597.0;18.0;592.0;30.0;607;6;615.0;30.0;620.0;18.0;603.5;0.0
1;58900;MAGNIFICENT_MACARONS;599.0;20.0;596.0;15.0;591.0;23.0;606;10;614.0;23.0;619.0;15.0;602.5;0.0
1;59000;MAGNIFICENT_MACARONS;598.0;20.0;596.0;18.0;591.0;23.0;605;10;613.0;23.0;618.0;18.0;601.5;0.0
1;59100;MAGNIFICENT_MACARONS;595.0;10.0;593.0;11.0;588.0;20.0;602;5;610.0;20.0;615.0;11.0;598.5;0.0
1;59200;MAGNIFICENT_MACARONS;596.0;20.0;593.0;20.0;588.0;23.0;603;10;611.0;23.0;616.0;20.0;599.5;0.0
1;59300;MAGNIFICENT_MACARONS;595.0;16.0;592.0;14.0;587.0;22.0;602;8;610.0;22.0;615.0;14.0;598.5;0.0
1;59400;MAGNIFICENT_MACARONS;593.0;10.0;591.0;17.0;586.0;23.0;600;5;608.0;23.0;613.0;17.0;596.5;0.0
1;59500;MAGNIFICENT_MACARONS;596.0;16.0;594.0;12.0;589.0;22.0;603;8;611.0;22.0;616.0;12.0;599.5;0.0
1;59600;MAGNIFICENT_MACARONS;599.0;16.0;596.0;11.0;591.0;24.0;606;8;614.0;24.0;619.0;11.0;602.5;0.0
1;59700;MAGNIFICENT_MACARONS;598.0;12.0;595.0;16.0;590.0;25.0;605;6;613.0;25.0;618.0;16.0;601.5;0.0
1;59800;MAGNIFICENT_MACARONS;595.0;14.0;592.0;11.0;587.0;22.0;602;7;610.0;22.0;615.0;11.0;598.5;0.0
1;59900;MAGNIFICENT_MACARONS;593.0;14.0;590.0;10.0;585.0;23.0;600;7;608.0;23.0;613.0;10.0;596.5;0.0
1;60000;MAGNIFICENT_MACARONS;593.0;20.0;591.0;15.0;586.0;25.0;600;10;608.0;25.0;613.0;15.0;596.5;0.0
1;60100;MAGNIFICENT_MACARONS;590.0;18.0;588.0;10.0;583.0;27.0;597;9;605.0;27.0;610.0;10.0;593.5;0.0
1;60200;MAGNIFICENT_MACARONS;591.0;10.0;589.0;11.0;584.0;25.0;598;5;606.0;25.0;611.0;11.0;594.5;0.0
1;60300;MAGNIFICENT_MACARONS;590.0;18.0;588.0;19.0;583.0;23.0;597;9;605.0;23.0;610.0;19.0;593.5;0.0
1;60400;MAGNIFICENT_MACARONS;589.0;10.0;586.0;15.0;581.0;22.0;596;5;604.0;22.0;609.0;15.0;592.5;0.0
1;60500;MAGNIFICENT_MACARONS;588.0;10.0;586.0;20.0;581.0;25.0;595;5;603.0;25.0;608.0;20.0;591.5;0.0
1;60600;MAGNIFICENT_MACARONS;587.0;10.0;585.0;12.0;580.0;21.0;594;5;602.0;21.0;607.0;12.0;590.5;0.0
1;60700;MAGNIFICENT_MACARONS;590.0;20.0;588.0;20.0;583.0;24.0;597;10;605.0;24.0;610.0;20.0;593.5;0.0
1;60800;MAGNIFICENT_MACARONS;593.0;16.0;591.0;17.0;586.0;26.0;600;8;608.0;26.0;613.0;17.0;596.5;0.0
1;60900;MAGNIFICENT_MACARONS;596.0;14.0;594.0;13.0;589.0;29.0;603;7;611.0;29.0;616.0;13.0;599.5;0.0
1;61000;MAGNIFICENT_MACARONS;597.0;20.0;595.0;19.0;590.0;25.0;604;10;612.0;25.0;617.0;19.0;600.5;0.0
1;61100;MAGNIFICENT_MACARONS;600.0;20.0;597.0;11.0;592.0;29.0;607;10;615.0;29.0;620.0;11.0;603.5;0.0
1;61200;MAGNIFICENT_MACARONS;599.0;10.0;597.0;19.0;592.0;22.0;606;5;614.0;22.0;619.0;19.0;602.5;0.0
1;61300;MAGNIFICENT_MACARONS;599.0;16.0;597.0;11.0;592.0;27.0;606;8;614.0;27.0;619.0;11.0;602.5;0.0
1;61400;MAGNIFICENT_MACARONS;598.0;14.0;595.0;11.0;590.0;28.0;605;7;613.0;28.0;618.0;11.0;601.5;0.0
1;61500;MAGNIFICENT_MACARONS;598.0;18.0;596.0;19.0;591.0;22.0;605;9;613.0;22.0;618.0;19.0;601.5;0.0
1;61600;MAGNIFICENT_MACARONS;597.0;12.0;594.0;11.0;589.0;27.0;604;6;612.0;27.0;617.0;11.0;600.5;0.0
1;61700;MAGNIFICENT_MACARONS;597.0;6.0;594.0;18.0;591.0;20.0;601;9;609.0;21.0;614.0;20.0;599.0;0.0
1;61800;MAGNIFICENT_MACARONS;596.0;20.0;594.0;11.0;589.0;24.0;603;10;611.0;24.0;616.0;11.0;599.5;0.0
1;61900;MAGNIFICENT_MACARONS;594.0;10.0;592.0;20.0;587.0;28.0;601;5;609.0;28.0;614.0;20.0;597.5;0.0
1;62000;MAGNIFICENT_MACARONS;591.0;14.0;588.0;20.0;583.0;24.0;598;7;606.0;24.0;611.0;20.0;594.5;0.0
1;62100;MAGNIFICENT_MACARONS;594.0;10.0;591.0;19.0;586.0;25.0;601;5;609.0;25.0;614.0;19.0;597.5;0.0
1;62200;MAGNIFICENT_MACARONS;593.0;12.0;591.0;17.0;586.0;22.0;600;6;608.0;22.0;613.0;17.0;596.5;0.0
1;62300;MAGNIFICENT_MACARONS;592.0;10.0;590.0;13.0;585.0;21.0;599;5;607.0;21.0;612.0;13.0;595.5;0.0
1;62400;MAGNIFICENT_MACARONS;595.0;14.0;592.0;16.0;587.0;24.0;602;7;610.0;24.0;615.0;16.0;598.5;0.0
1;62500;MAGNIFICENT_MACARONS;594.0;14.0;591.0;17.0;586.0;25.0;601;7;609.0;25.0;614.0;17.0;597.5;0.0
1;62600;MAGNIFICENT_MACARONS;598.0;10.0;596.0;12.0;591.0;21.0;605;5;613.0;21.0;618.0;12.0;601.5;0.0
1;62700;MAGNIFICENT_MACARONS;599.0;14.0;597.0;15.0;592.0;25.0;606;7;614.0;25.0;619.0;15.0;602.5;0.0
1;62800;MAGNIFICENT_MACARONS;603.0;16.0;600.0;20.0;595.0;22.0;610;8;618.0;22.0;623.0;20.0;606.5;0.0
1;62900;MAGNIFICENT_MACARONS;601.0;16.0;599.0;13.0;594.0;20.0;608;8;616.0;20.0;621.0;13.0;604.5;0.0
1;63000;MAGNIFICENT_MACARONS;597.0;16.0;594.0;12.0;589.0;30.0;604;8;612.0;30.0;617.0;12.0;600.5;0.0
1;63100;MAGNIFICENT_MACARONS;599.0;12.0;596.0;17.0;591.0;30.0;606;6;614.0;30.0;619.0;17.0;602.5;0.0
1;63200;MAGNIFICENT_MACARONS;597.0;10.0;595.0;15.0;590.0;24.0;604;5;612.0;24.0;617.0;15.0;600.5;0.0
1;63300;MAGNIFICENT_MACARONS;596.0;14.0;593.0;13.0;588.0;30.0;603;7;611.0;30.0;616.0;13.0;599.5;0.0
1;63400;MAGNIFICENT_MACARONS;594.0;20.0;591.0;13.0;586.0;22.0;601;10;609.0;22.0;614.0;13.0;597.5;0.0
1;63500;MAGNIFICENT_MACARONS;592.0;14.0;589.0;10.0;584.0;28.0;599;7;607.0;28.0;612.0;10.0;595.5;0.0
1;63600;MAGNIFICENT_MACARONS;595.0;12.0;592.0;18.0;587.0;22.0;602;6;610.0;22.0;615.0;18.0;598.5;0.0
1;63700;MAGNIFICENT_MACARONS;598.0;18.0;596.0;14.0;591.0;21.0;605;9;613.0;21.0;618.0;14.0;601.5;0.0
1;63800;MAGNIFICENT_MACARONS;596.0;20.0;593.0;18.0;588.0;27.0;603;10;611.0;27.0;616.0;18.0;599.5;0.0
1;63900;MAGNIFICENT_MACARONS;594.0;20.0;592.0;20.0;587.0;22.0;601;10;609.0;22.0;614.0;20.0;597.5;0.0
1;64000;MAGNIFICENT_MACARONS;596.0;16.0;593.0;19.0;588.0;30.0;603;8;611.0;30.0;616.0;19.0;599.5;0.0
1;64100;MAGNIFICENT_MACARONS;597.0;12.0;595.0;19.0;590.0;26.0;604;6;612.0;26.0;617.0;19.0;600.5;0.0
1;64200;MAGNIFICENT_MACARONS;600.0;12.0;597.0;13.0;592.0;25.0;607;6;615.0;25.0;620.0;13.0;603.5;0.0
1;64300;MAGNIFICENT_MACARONS;597.0;14.0;594.0;13.0;589.0;20.0;604;7;612.0;20.0;617.0;13.0;600.5;0.0
1;64400;MAGNIFICENT_MACARONS;597.0;18.0;594.0;16.0;589.0;27.0;604;9;612.0;27.0;617.0;16.0;600.5;0.0
1;64500;MAGNIFICENT_MACARONS;599.0;10.0;597.0;12.0;592.0;20.0;606;5;614.0;20.0;619.0;12.0;602.5;0.0
1;64600;MAGNIFICENT_MACARONS;602.0;16.0;600.0;13.0;595.0;27.0;609;8;617.0;27.0;622.0;13.0;605.5;0.0
1;64700;MAGNIFICENT_MACARONS;606.0;14.0;603.0;11.0;598.0;28.0;613;7;621.0;28.0;626.0;11.0;609.5;0.0
1;64800;MAGNIFICENT_MACARONS;606.0;14.0;604.0;16.0;599.0;20.0;613;7;621.0;20.0;626.0;16.0;609.5;0.0
1;64900;MAGNIFICENT_MACARONS;609.0;16.0;606.0;15.0;601.0;30.0;613;5;616.0;8.0;624.0;30.0;611.0;0.0
1;65000;MAGNIFICENT_MACARONS;611.0;18.0;608.0;20.0;603.0;26.0;618;9;626.0;26.0;631.0;20.0;614.5;0.0
1;65100;MAGNIFICENT_MACARONS;610.0;16.0;607.0;14.0;602.0;25.0;617;8;625.0;25.0;630.0;14.0;613.5;0.0
1;65200;MAGNIFICENT_MACARONS;611.0;12.0;609.0;13.0;604.0;28.0;618;6;626.0;28.0;631.0;13.0;614.5;0.0
1;65300;MAGNIFICENT_MACARONS;613.0;18.0;611.0;20.0;606.0;29.0;620;9;628.0;29.0;633.0;20.0;616.5;0.0
1;65400;MAGNIFICENT_MACARONS;614.0;12.0;612.0;12.0;607.0;21.0;621;6;629.0;21.0;634.0;12.0;617.5;0.0
1;65500;MAGNIFICENT_MACARONS;618.0;20.0;616.0;13.0;611.0;20.0;625;10;633.0;20.0;638.0;13.0;621.5;0.0
1;65600;MAGNIFICENT_MACARONS;619.0;7.0;616.0;16.0;613.0;19.0;623;8;631.0;20.0;636.0;19.0;621.0;0.0
1;65700;MAGNIFICENT_MACARONS;614.0;16.0;612.0;14.0;607.0;24.0;621;8;629.0;24.0;634.0;14.0;617.5;0.0
1;65800;MAGNIFICENT_MACARONS;617.0;20.0;614.0;11.0;609.0;30.0;624;10;632.0;30.0;637.0;11.0;620.5;0.0
1;65900;MAGNIFICENT_MACARONS;616.0;20.0;614.0;20.0;609.0;24.0;623;10;631.0;24.0;636.0;20.0;619.5;0.0
1;66000;MAGNIFICENT_MACARONS;616.0;12.0;613.0;12.0;608.0;24.0;623;6;631.0;24.0;636.0;12.0;619.5;0.0
1;66100;MAGNIFICENT_MACARONS;616.0;18.0;613.0;12.0;608.0;23.0;623;9;631.0;23.0;636.0;12.0;619.5;0.0
1;66200;MAGNIFICENT_MACARONS;619.0;20.0;616.0;16.0;611.0;22.0;626;10;634.0;22.0;639.0;16.0;622.5;0.0
1;66300;MAGNIFICENT_MACARONS;615.0;14.0;613.0;13.0;608.0;20.0;622;7;630.0;20.0;635.0;13.0;618.5;0.0
1;66400;MAGNIFICENT_MACARONS;613.0;14.0;610.0;12.0;605.0;24.0;620;7;628.0;24.0;633.0;12.0;616.5;0.0
1;66500;MAGNIFICENT_MACARONS;612.0;10.0;610.0;10.0;605.0;30.0;619;5;627.0;30.0;632.0;10.0;615.5;0.0
1;66600;MAGNIFICENT_MACARONS;609.0;20.0;606.0;18.0;601.0;29.0;616;10;624.0;29.0;629.0;18.0;612.5;0.0
1;66700;MAGNIFICENT_MACARONS;605.0;12.0;602.0;16.0;597.0;25.0;612;6;620.0;25.0;625.0;16.0;608.5;0.0
1;66800;MAGNIFICENT_MACARONS;605.0;20.0;602.0;14.0;597.0;25.0;612;10;620.0;25.0;625.0;14.0;608.5;0.0
1;66900;MAGNIFICENT_MACARONS;607.0;10.0;605.0;11.0;600.0;20.0;611;9;614.0;5.0;622.0;20.0;609.0;0.0
1;67000;MAGNIFICENT_MACARONS;609.0;10.0;606.0;13.0;601.0;22.0;616;5;624.0;22.0;629.0;13.0;612.5;0.0
1;67100;MAGNIFICENT_MACARONS;614.0;16.0;612.0;17.0;607.0;25.0;621;8;629.0;25.0;634.0;17.0;617.5;0.0
1;67200;MAGNIFICENT_MACARONS;613.0;20.0;611.0;17.0;606.0;23.0;620;10;628.0;23.0;633.0;17.0;616.5;0.0
1;67300;MAGNIFICENT_MACARONS;619.0;12.0;617.0;12.0;612.0;21.0;626;6;634.0;21.0;639.0;12.0;622.5;0.0
1;67400;MAGNIFICENT_MACARONS;623.0;10.0;620.0;12.0;615.0;28.0;630;5;638.0;28.0;643.0;12.0;626.5;0.0
1;67500;MAGNIFICENT_MACARONS;626.0;20.0;623.0;14.0;618.0;22.0;633;10;641.0;22.0;646.0;14.0;629.5;0.0
1;67600;MAGNIFICENT_MACARONS;622.0;14.0;619.0;19.0;614.0;25.0;629;7;637.0;25.0;642.0;19.0;625.5;0.0
1;67700;MAGNIFICENT_MACARONS;623.0;9.0;620.0;16.0;617.0;11.0;627;8;635.0;21.0;640.0;11.0;625.0;0.0
1;67800;MAGNIFICENT_MACARONS;617.0;18.0;614.0;10.0;609.0;30.0;624;9;632.0;30.0;637.0;10.0;620.5;0.0
1;67900;MAGNIFICENT_MACARONS;618.0;18.0;616.0;14.0;611.0;26.0;625;9;633.0;26.0;638.0;14.0;621.5;0.0
1;68000;MAGNIFICENT_MACARONS;620.0;14.0;618.0;20.0;613.0;25.0;627;7;635.0;25.0;640.0;20.0;623.5;0.0
1;68100;MAGNIFICENT_MACARONS;618.0;18.0;615.0;17.0;610.0;26.0;625;9;633.0;26.0;638.0;17.0;621.5;0.0
1;68200;MAGNIFICENT_MACARONS;616.0;14.0;614.0;18.0;609.0;23.0;623;7;631.0;23.0;636.0;18.0;619.5;0.0
1;68300;MAGNIFICENT_MACARONS;617.0;14.0;615.0;19.0;610.0;25.0;624;7;632.0;25.0;637.0;19.0;620.5;0.0
1;68400;MAGNIFICENT_MACARONS;618.0;20.0;616.0;10.0;611.0;30.0;625;10;633.0;30.0;638.0;10.0;621.5;0.0
1;68500;MAGNIFICENT_MACARONS;614.0;10.0;612.0;19.0;607.0;22.0;621;5;629.0;22.0;634.0;19.0;617.5;0.0
1;68600;MAGNIFICENT_MACARONS;617.0;20.0;614.0;19.0;609.0;27.0;624;10;632.0;27.0;637.0;19.0;620.5;0.0
1;68700;MAGNIFICENT_MACARONS;615.0;14.0;612.0;16.0;607.0;20.0;622;7;630.0;20.0;635.0;16.0;618.5;0.0
1;68800;MAGNIFICENT_MACARONS;617.0;16.0;615.0;12.0;610.0;30.0;624;8;632.0;30.0;637.0;12.0;620.5;0.0
1;68900;MAGNIFICENT_MACARONS;616.0;16.0;614.0;16.0;609.0;23.0;623;8;631.0;23.0;636.0;16.0;619.5;0.0
1;69000;MAGNIFICENT_MACARONS;613.0;14.0;611.0;16.0;606.0;27.0;620;7;628.0;27.0;633.0;16.0;616.5;0.0
1;69100;MAGNIFICENT_MACARONS;609.0;10.0;607.0;16.0;602.0;25.0;616;5;624.0;25.0;629.0;16.0;612.5;0.0
1;69200;MAGNIFICENT_MACARONS;606.0;20.0;604.0;15.0;599.0;20.0;613;10;621.0;20.0;626.0;15.0;609.5;0.0
1;69300;MAGNIFICENT_MACARONS;606.0;16.0;604.0;15.0;598.0;23.0;613;8;621.0;23.0;626.0;15.0;609.5;0.0
1;69400;MAGNIFICENT_MACARONS;603.0;10.0;600.0;14.0;595.0;22.0;606;3;610.0;5.0;618.0;22.0;604.5;0.0
1;69500;MAGNIFICENT_MACARONS;601.0;18.0;598.0;18.0;593.0;30.0;608;9;616.0;30.0;621.0;18.0;604.5;0.0
1;69600;MAGNIFICENT_MACARONS;601.0;12.0;599.0;20.0;594.0;25.0;608;6;616.0;25.0;621.0;20.0;604.5;0.0
1;69700;MAGNIFICENT_MACARONS;598.0;18.0;595.0;17.0;590.0;24.0;605;9;613.0;24.0;618.0;17.0;601.5;0.0
1;69800;MAGNIFICENT_MACARONS;596.0;20.0;593.0;11.0;588.0;22.0;603;10;611.0;22.0;616.0;11.0;599.5;0.0
1;69900;MAGNIFICENT_MACARONS;594.0;16.0;592.0;16.0;587.0;24.0;601;8;609.0;24.0;614.0;16.0;597.5;0.0
1;70000;MAGNIFICENT_MACARONS;590.0;18.0;588.0;18.0;583.0;28.0;597;9;605.0;28.0;610.0;18.0;593.5;0.0
1;70100;MAGNIFICENT_MACARONS;592.0;16.0;590.0;18.0;585.0;27.0;599;8;607.0;27.0;612.0;18.0;595.5;0.0
1;70200;MAGNIFICENT_MACARONS;599.0;5.0;595.0;12.0;592.0;15.0;602;6;610.0;28.0;615.0;15.0;600.5;0.0
1;70300;MAGNIFICENT_MACARONS;594.0;16.0;592.0;17.0;587.0;24.0;601;8;609.0;24.0;614.0;17.0;597.5;0.0
1;70400;MAGNIFICENT_MACARONS;596.0;12.0;593.0;18.0;588.0;29.0;603;6;611.0;29.0;616.0;18.0;599.5;0.0
1;70500;MAGNIFICENT_MACARONS;600.0;20.0;597.0;12.0;592.0;21.0;607;10;615.0;21.0;620.0;12.0;603.5;0.0
1;70600;MAGNIFICENT_MACARONS;599.0;20.0;597.0;17.0;592.0;22.0;606;10;614.0;22.0;619.0;17.0;602.5;0.0
1;70700;MAGNIFICENT_MACARONS;600.0;20.0;598.0;11.0;593.0;27.0;607;10;615.0;27.0;620.0;11.0;603.5;0.0
1;70800;MAGNIFICENT_MACARONS;599.0;16.0;596.0;14.0;591.0;20.0;606;8;614.0;20.0;619.0;14.0;602.5;0.0
1;70900;MAGNIFICENT_MACARONS;599.0;20.0;596.0;17.0;591.0;21.0;606;10;614.0;21.0;619.0;17.0;602.5;0.0
1;71000;MAGNIFICENT_MACARONS;598.0;12.0;595.0;20.0;590.0;28.0;605;6;613.0;28.0;618.0;20.0;601.5;0.0
1;71100;MAGNIFICENT_MACARONS;597.0;14.0;595.0;10.0;590.0;30.0;604;7;612.0;30.0;617.0;10.0;600.5;0.0
1;71200;MAGNIFICENT_MACARONS;598.0;20.0;596.0;14.0;591.0;27.0;605;10;613.0;27.0;618.0;14.0;601.5;0.0
1;71300;MAGNIFICENT_MACARONS;596.0;12.0;594.0;19.0;589.0;28.0;603;6;611.0;28.0;616.0;19.0;599.5;0.0
1;71400;MAGNIFICENT_MACARONS;593.0;12.0;590.0;14.0;585.0;25.0;600;6;608.0;25.0;613.0;14.0;596.5;0.0
1;71500;MAGNIFICENT_MACARONS;592.0;16.0;589.0;14.0;584.0;26.0;599;8;607.0;26.0;612.0;14.0;595.5;0.0
1;71600;MAGNIFICENT_MACARONS;589.0;18.0;586.0;18.0;581.0;29.0;593;5;596.0;9.0;604.0;29.0;591.0;0.0
1;71700;MAGNIFICENT_MACARONS;592.0;18.0;590.0;13.0;585.0;25.0;599;9;607.0;25.0;612.0;13.0;595.5;0.0
1;71800;MAGNIFICENT_MACARONS;595.0;16.0;593.0;12.0;588.0;22.0;599;7;602.0;8.0;610.0;22.0;597.0;0.0
1;71900;MAGNIFICENT_MACARONS;594.0;18.0;592.0;16.0;587.0;28.0;601;9;609.0;28.0;614.0;16.0;597.5;0.0
1;72000;MAGNIFICENT_MACARONS;596.0;12.0;594.0;16.0;589.0;23.0;603;6;611.0;23.0;616.0;16.0;599.5;0.0
1;72100;MAGNIFICENT_MACARONS;601.0;10.0;599.0;19.0;594.0;24.0;608;5;616.0;24.0;621.0;19.0;604.5;0.0
1;72200;MAGNIFICENT_MACARONS;599.0;14.0;597.0;13.0;592.0;25.0;606;7;614.0;25.0;619.0;13.0;602.5;0.0
1;72300;MAGNIFICENT_MACARONS;602.0;16.0;600.0;13.0;595.0;22.0;609;8;617.0;22.0;622.0;13.0;605.5;0.0
1;72400;MAGNIFICENT_MACARONS;603.0;16.0;600.0;19.0;595.0;25.0;610;8;618.0;25.0;623.0;19.0;606.5;0.0
1;72500;MAGNIFICENT_MACARONS;601.0;14.0;599.0;18.0;594.0;20.0;608;7;616.0;20.0;621.0;18.0;604.5;0.0
1;72600;MAGNIFICENT_MACARONS;598.0;12.0;596.0;11.0;591.0;28.0;605;6;613.0;28.0;618.0;11.0;601.5;0.0
1;72700;MAGNIFICENT_MACARONS;600.0;16.0;597.0;11.0;592.0;28.0;607;8;615.0;28.0;620.0;11.0;603.5;0.0
1;72800;MAGNIFICENT_MACARONS;599.0;14.0;597.0;20.0;592.0;27.0;606;7;614.0;27.0;619.0;20.0;602.5;0.0
1;72900;MAGNIFICENT_MACARONS;597.0;10.0;595.0;15.0;590.0;22.0;604;5;612.0;22.0;617.0;15.0;600.5;0.0
1;73000;MAGNIFICENT_MACARONS;600.0;10.0;597.0;16.0;592.0;21.0;607;5;615.0;21.0;620.0;16.0;603.5;0.0
1;73100;MAGNIFICENT_MACARONS;598.0;14.0;596.0;17.0;591.0;27.0;605;7;613.0;27.0;618.0;17.0;601.5;0.0
1;73200;MAGNIFICENT_MACARONS;597.0;12.0;595.0;16.0;590.0;23.0;604;6;612.0;23.0;617.0;16.0;600.5;0.0
1;73300;MAGNIFICENT_MACARONS;602.0;16.0;600.0;13.0;595.0;23.0;609;8;617.0;23.0;622.0;13.0;605.5;0.0
1;73400;MAGNIFICENT_MACARONS;606.0;8.0;603.0;18.0;600.0;20.0;610;9;618.0;30.0;623.0;20.0;608.0;0.0
1;73500;MAGNIFICENT_MACARONS;600.0;16.0;598.0;18.0;593.0;24.0;607;8;615.0;24.0;620.0;18.0;603.5;0.0
1;73600;MAGNIFICENT_MACARONS;600.0;20.0;597.0;19.0;592.0;30.0;607;10;615.0;30.0;620.0;19.0;603.5;0.0
1;73700;MAGNIFICENT_MACARONS;599.0;20.0;597.0;13.0;592.0;25.0;606;10;614.0;25.0;619.0;13.0;602.5;0.0
1;73800;MAGNIFICENT_MACARONS;601.0;10.0;598.0;13.0;593.0;21.0;608;5;616.0;21.0;621.0;13.0;604.5;0.0
1;73900;MAGNIFICENT_MACARONS;599.0;14.0;597.0;13.0;592.0;27.0;606;7;614.0;27.0;619.0;13.0;602.5;0.0
1;74000;MAGNIFICENT_MACARONS;598.0;12.0;596.0;11.0;591.0;27.0;605;6;613.0;27.0;618.0;11.0;601.5;0.0
1;74100;MAGNIFICENT_MACARONS;600.0;20.0;598.0;15.0;593.0;23.0;607;10;615.0;23.0;620.0;15.0;603.5;0.0
1;74200;MAGNIFICENT_MACARONS;602.0;10.0;599.0;11.0;594.0;30.0;609;5;617.0;30.0;622.0;11.0;605.5;0.0
1;74300;MAGNIFICENT_MACARONS;601.0;16.0;598.0;17.0;593.0;26.0;608;8;616.0;26.0;621.0;17.0;604.5;0.0
1;74400;MAGNIFICENT_MACARONS;604.0;16.0;601.0;10.0;596.0;21.0;611;8;619.0;21.0;624.0;10.0;607.5;0.0
1;74500;MAGNIFICENT_MACARONS;603.0;14.0;600.0;11.0;595.0;24.0;610;7;618.0;24.0;623.0;11.0;606.5;0.0
1;74600;MAGNIFICENT_MACARONS;597.0;18.0;595.0;11.0;590.0;27.0;604;9;612.0;27.0;617.0;11.0;600.5;0.0
1;74700;MAGNIFICENT_MACARONS;597.0;10.0;595.0;11.0;590.0;26.0;604;5;612.0;26.0;617.0;11.0;600.5;0.0
1;74800;MAGNIFICENT_MACARONS;599.0;16.0;596.0;15.0;591.0;24.0;606;8;614.0;24.0;619.0;15.0;602.5;0.0
1;74900;MAGNIFICENT_MACARONS;596.0;12.0;594.0;20.0;589.0;27.0;603;6;611.0;27.0;616.0;20.0;599.5;0.0
1;75000;MAGNIFICENT_MACARONS;599.0;16.0;596.0;20.0;591.0;21.0;606;8;614.0;21.0;619.0;20.0;602.5;0.0
1;75100;MAGNIFICENT_MACARONS;605.0;9.0;602.0;12.0;600.0;14.0;609;6;617.0;26.0;622.0;14.0;607.0;0.0
1;75200;MAGNIFICENT_MACARONS;599.0;14.0;596.0;13.0;591.0;30.0;606;7;614.0;30.0;619.0;13.0;602.5;0.0
1;75300;MAGNIFICENT_MACARONS;605.0;10.0;602.0;16.0;597.0;26.0;612;5;620.0;26.0;625.0;16.0;608.5;0.0
1;75400;MAGNIFICENT_MACARONS;603.0;18.0;600.0;17.0;595.0;25.0;610;9;618.0;25.0;623.0;17.0;606.5;0.0
1;75500;MAGNIFICENT_MACARONS;602.0;14.0;600.0;15.0;595.0;22.0;606;10;609.0;7.0;617.0;22.0;604.0;0.0
1;75600;MAGNIFICENT_MACARONS;603.0;10.0;601.0;13.0;596.0;23.0;610;5;618.0;23.0;623.0;13.0;606.5;0.0
1;75700;MAGNIFICENT_MACARONS;608.0;20.0;605.0;15.0;600.0;25.0;615;10;623.0;25.0;628.0;15.0;611.5;0.0
1;75800;MAGNIFICENT_MACARONS;608.0;20.0;605.0;13.0;600.0;26.0;615;10;623.0;26.0;628.0;13.0;611.5;0.0
1;75900;MAGNIFICENT_MACARONS;609.0;20.0;606.0;11.0;601.0;22.0;616;10;624.0;22.0;629.0;11.0;612.5;0.0
1;76000;MAGNIFICENT_MACARONS;610.0;12.0;608.0;15.0;603.0;30.0;617;6;625.0;30.0;630.0;15.0;613.5;0.0
1;76100;MAGNIFICENT_MACARONS;608.0;18.0;606.0;10.0;601.0;28.0;615;9;623.0;28.0;628.0;10.0;611.5;0.0
1;76200;MAGNIFICENT_MACARONS;610.0;12.0;608.0;12.0;603.0;28.0;617;6;625.0;28.0;630.0;12.0;613.5;0.0
1;76300;MAGNIFICENT_MACARONS;613.0;14.0;611.0;18.0;606.0;21.0;620;7;628.0;21.0;633.0;18.0;616.5;0.0
1;76400;MAGNIFICENT_MACARONS;612.0;18.0;609.0;20.0;604.0;28.0;619;9;627.0;28.0;632.0;20.0;615.5;0.0
1;76500;MAGNIFICENT_MACARONS;608.0;10.0;606.0;19.0;601.0;28.0;612;8;615.0;5.0;623.0;28.0;610.0;0.0
1;76600;MAGNIFICENT_MACARONS;606.0;16.0;603.0;15.0;598.0;29.0;613;8;621.0;29.0;626.0;15.0;609.5;0.0
1;76700;MAGNIFICENT_MACARONS;607.0;12.0;604.0;19.0;599.0;30.0;614;6;622.0;30.0;627.0;19.0;610.5;0.0
1;76800;MAGNIFICENT_MACARONS;606.0;18.0;603.0;14.0;598.0;25.0;613;9;621.0;25.0;626.0;14.0;609.5;0.0
1;76900;MAGNIFICENT_MACARONS;607.0;20.0;604.0;20.0;599.0;27.0;614;10;622.0;27.0;627.0;20.0;610.5;0.0
1;77000;MAGNIFICENT_MACARONS;609.0;18.0;606.0;20.0;601.0;28.0;616;9;624.0;28.0;629.0;20.0;612.5;0.0
1;77100;MAGNIFICENT_MACARONS;612.0;14.0;610.0;11.0;605.0;22.0;619;7;627.0;22.0;632.0;11.0;615.5;0.0
1;77200;MAGNIFICENT_MACARONS;615.0;10.0;612.0;12.0;607.0;30.0;622;5;630.0;30.0;635.0;12.0;618.5;0.0
1;77300;MAGNIFICENT_MACARONS;616.0;18.0;614.0;15.0;609.0;25.0;623;9;631.0;25.0;636.0;15.0;619.5;0.0
1;77400;MAGNIFICENT_MACARONS;617.0;14.0;614.0;12.0;609.0;27.0;624;7;632.0;27.0;637.0;12.0;620.5;0.0
1;77500;MAGNIFICENT_MACARONS;621.0;8.0;618.0;10.0;615.0;20.0;625;5;633.0;23.0;638.0;20.0;623.0;0.0
1;77600;MAGNIFICENT_MACARONS;617.0;14.0;615.0;11.0;610.0;30.0;625;7;633.0;30.0;638.0;11.0;621.0;0.0
1;77700;MAGNIFICENT_MACARONS;622.0;12.0;619.0;18.0;614.0;30.0;629;6;637.0;30.0;642.0;18.0;625.5;0.0
1;77800;MAGNIFICENT_MACARONS;621.0;14.0;618.0;15.0;613.0;29.0;628;7;636.0;29.0;641.0;15.0;624.5;0.0
1;77900;MAGNIFICENT_MACARONS;621.0;10.0;619.0;10.0;613.0;24.0;628;5;636.0;24.0;641.0;10.0;624.5;0.0
1;78000;MAGNIFICENT_MACARONS;623.0;20.0;620.0;14.0;615.0;21.0;630;10;638.0;21.0;643.0;14.0;626.5;0.0
1;78100;MAGNIFICENT_MACARONS;624.0;10.0;621.0;16.0;616.0;24.0;631;5;639.0;24.0;644.0;16.0;627.5;0.0
1;78200;MAGNIFICENT_MACARONS;623.0;16.0;621.0;15.0;616.0;24.0;631;8;639.0;24.0;644.0;15.0;627.0;0.0
1;78300;MAGNIFICENT_MACARONS;627.0;12.0;624.0;12.0;619.0;25.0;634;6;642.0;25.0;647.0;12.0;630.5;0.0
1;78400;MAGNIFICENT_MACARONS;628.0;10.0;626.0;14.0;621.0;25.0;632;7;635.0;5.0;643.0;25.0;630.0;0.0
1;78500;MAGNIFICENT_MACARONS;623.0;12.0;620.0;14.0;615.0;23.0;630;6;638.0;23.0;643.0;14.0;626.5;0.0
1;78600;MAGNIFICENT_MACARONS;620.0;20.0;617.0;12.0;612.0;23.0;624;8;627.0;10.0;635.0;23.0;622.0;0.0
1;78700;MAGNIFICENT_MACARONS;624.0;16.0;622.0;13.0;617.0;25.0;631;8;639.0;25.0;644.0;13.0;627.5;0.0
1;78800;MAGNIFICENT_MACARONS;629.0;18.0;627.0;12.0;622.0;29.0;636;9;644.0;29.0;649.0;12.0;632.5;0.0
1;78900;MAGNIFICENT_MACARONS;627.0;12.0;624.0;19.0;619.0;25.0;634;6;642.0;25.0;647.0;19.0;630.5;0.0
1;79000;MAGNIFICENT_MACARONS;628.0;10.0;626.0;15.0;621.0;21.0;635;5;643.0;21.0;648.0;15.0;631.5;0.0
1;79100;MAGNIFICENT_MACARONS;626.0;10.0;624.0;18.0;619.0;20.0;633;5;641.0;20.0;646.0;18.0;629.5;0.0
1;79200;MAGNIFICENT_MACARONS;626.0;12.0;624.0;20.0;619.0;24.0;634;6;642.0;24.0;647.0;20.0;630.0;0.0
1;79300;MAGNIFICENT_MACARONS;630.0;10.0;627.0;12.0;622.0;20.0;637;5;645.0;20.0;650.0;12.0;633.5;0.0
1;79400;MAGNIFICENT_MACARONS;627.0;12.0;624.0;15.0;619.0;29.0;634;6;642.0;29.0;647.0;15.0;630.5;0.0
1;79500;MAGNIFICENT_MACARONS;628.0;20.0;625.0;14.0;620.0;26.0;635;10;643.0;26.0;648.0;14.0;631.5;0.0
1;79600;MAGNIFICENT_MACARONS;628.0;10.0;625.0;15.0;620.0;23.0;635;5;643.0;23.0;648.0;15.0;631.5;0.0
1;79700;MAGNIFICENT_MACARONS;628.0;20.0;626.0;17.0;621.0;25.0;635;10;643.0;25.0;648.0;17.0;631.5;0.0
1;79800;MAGNIFICENT_MACARONS;626.0;14.0;624.0;17.0;619.0;25.0;633;7;641.0;25.0;646.0;17.0;629.5;0.0
1;79900;MAGNIFICENT_MACARONS;625.0;12.0;623.0;20.0;618.0;28.0;632;6;640.0;28.0;645.0;20.0;628.5;0.0
1;80000;MAGNIFICENT_MACARONS;628.0;14.0;626.0;20.0;621.0;24.0;635;7;643.0;24.0;648.0;20.0;631.5;0.0
1;80100;MAGNIFICENT_MACARONS;631.0;12.0;628.0;19.0;623.0;21.0;638;6;646.0;21.0;651.0;19.0;634.5;0.0
1;80200;MAGNIFICENT_MACARONS;634.0;12.0;631.0;19.0;626.0;22.0;641;6;649.0;22.0;654.0;19.0;637.5;0.0
1;80300;MAGNIFICENT_MACARONS;630.0;14.0;628.0;14.0;623.0;20.0;637;7;645.0;20.0;650.0;14.0;633.5;0.0
1;80400;MAGNIFICENT_MACARONS;627.0;10.0;625.0;11.0;620.0;23.0;634;5;642.0;23.0;647.0;11.0;630.5;0.0
1;80500;MAGNIFICENT_MACARONS;630.0;10.0;628.0;17.0;623.0;21.0;637;5;645.0;21.0;650.0;17.0;633.5;0.0
1;80600;MAGNIFICENT_MACARONS;632.0;16.0;630.0;18.0;625.0;30.0;639;8;647.0;30.0;652.0;18.0;635.5;0.0
1;80700;MAGNIFICENT_MACARONS;632.0;20.0;630.0;17.0;625.0;22.0;639;10;647.0;22.0;652.0;17.0;635.5;0.0
1;80800;MAGNIFICENT_MACARONS;637.0;10.0;634.0;15.0;629.0;22.0;644;5;652.0;22.0;657.0;15.0;640.5;0.0
1;80900;MAGNIFICENT_MACARONS;636.0;14.0;634.0;17.0;629.0;27.0;644;7;652.0;27.0;658.0;17.0;640.0;0.0
1;81000;MAGNIFICENT_MACARONS;637.0;10.0;634.0;14.0;629.0;30.0;644;5;653.0;30.0;658.0;14.0;640.5;0.0
1;81100;MAGNIFICENT_MACARONS;632.0;18.0;630.0;11.0;625.0;22.0;640;9;648.0;22.0;654.0;11.0;636.0;0.0
1;81200;MAGNIFICENT_MACARONS;632.0;14.0;630.0;18.0;624.0;28.0;640;7;648.0;28.0;653.0;18.0;636.0;0.0
1;81300;MAGNIFICENT_MACARONS;630.0;14.0;628.0;10.0;623.0;28.0;638;7;646.0;28.0;652.0;10.0;634.0;0.0
1;81400;MAGNIFICENT_MACARONS;629.0;14.0;627.0;12.0;622.0;21.0;637;7;645.0;21.0;651.0;12.0;633.0;0.0
1;81500;MAGNIFICENT_MACARONS;635.0;8.0;632.0;12.0;630.0;20.0;640;6;648.0;22.0;653.0;20.0;637.5;0.0
1;81600;MAGNIFICENT_MACARONS;630.0;20.0;628.0;19.0;622.0;28.0;638;10;646.0;28.0;651.0;19.0;634.0;0.0
1;81700;MAGNIFICENT_MACARONS;635.0;5.0;630.0;18.0;628.0;17.0;638;9;646.0;24.0;651.0;17.0;636.5;0.0
1;81800;MAGNIFICENT_MACARONS;630.0;14.0;627.0;12.0;622.0;21.0;637;7;646.0;21.0;651.0;12.0;633.5;0.0
1;81900;MAGNIFICENT_MACARONS;628.0;10.0;626.0;16.0;621.0;28.0;636;5;644.0;28.0;650.0;16.0;632.0;0.0
1;82000;MAGNIFICENT_MACARONS;625.0;16.0;623.0;11.0;617.0;24.0;633;8;641.0;24.0;646.0;11.0;629.0;0.0
1;82100;MAGNIFICENT_MACARONS;628.0;20.0;626.0;16.0;620.0;26.0;636;10;644.0;26.0;649.0;16.0;632.0;0.0
1;82200;MAGNIFICENT_MACARONS;627.0;16.0;625.0;10.0;619.0;30.0;635;8;643.0;30.0;648.0;10.0;631.0;0.0
1;82300;MAGNIFICENT_MACARONS;629.0;14.0;627.0;16.0;622.0;30.0;637;7;645.0;30.0;651.0;16.0;633.0;0.0
1;82400;MAGNIFICENT_MACARONS;631.0;14.0;629.0;13.0;623.0;21.0;639;7;647.0;21.0;652.0;13.0;635.0;0.0
1;82500;MAGNIFICENT_MACARONS;635.0;18.0;633.0;14.0;628.0;23.0;643;9;651.0;23.0;657.0;14.0;639.0;0.0
1;82600;MAGNIFICENT_MACARONS;638.0;18.0;636.0;18.0;631.0;29.0;646;9;654.0;29.0;660.0;18.0;642.0;0.0
1;82700;MAGNIFICENT_MACARONS;639.0;16.0;636.0;20.0;631.0;29.0;646;8;655.0;29.0;660.0;20.0;642.5;0.0
1;82800;MAGNIFICENT_MACARONS;639.0;18.0;637.0;13.0;632.0;21.0;647;9;655.0;21.0;661.0;13.0;643.0;0.0
1;82900;MAGNIFICENT_MACARONS;637.0;18.0;635.0;16.0;629.0;20.0;645;9;653.0;20.0;658.0;16.0;641.0;0.0
1;83000;MAGNIFICENT_MACARONS;641.0;10.0;639.0;15.0;634.0;28.0;649;5;657.0;28.0;663.0;15.0;645.0;0.0
1;83100;MAGNIFICENT_MACARONS;641.0;20.0;639.0;18.0;634.0;26.0;649;10;657.0;26.0;663.0;18.0;645.0;0.0
1;83200;MAGNIFICENT_MACARONS;638.0;12.0;636.0;12.0;630.0;29.0;646;6;654.0;29.0;659.0;12.0;642.0;0.0
1;83300;MAGNIFICENT_MACARONS;641.0;20.0;639.0;19.0;634.0;22.0;649;10;657.0;22.0;663.0;19.0;645.0;0.0
1;83400;MAGNIFICENT_MACARONS;645.0;8.0;641.0;18.0;639.0;12.0;649;9;657.0;24.0;663.0;12.0;647.0;0.0
1;83500;MAGNIFICENT_MACARONS;640.0;16.0;638.0;13.0;633.0;30.0;648;8;656.0;30.0;662.0;13.0;644.0;0.0
1;83600;MAGNIFICENT_MACARONS;644.0;14.0;642.0;20.0;637.0;24.0;652;7;660.0;24.0;666.0;20.0;648.0;0.0
1;83700;MAGNIFICENT_MACARONS;649.0;14.0;647.0;10.0;641.0;26.0;657;7;665.0;26.0;670.0;10.0;653.0;0.0
1;83800;MAGNIFICENT_MACARONS;648.0;12.0;646.0;11.0;641.0;22.0;656;6;664.0;22.0;670.0;11.0;652.0;0.0
1;83900;MAGNIFICENT_MACARONS;651.0;18.0;649.0;13.0;644.0;25.0;659;9;667.0;25.0;673.0;13.0;655.0;0.0
1;84000;MAGNIFICENT_MACARONS;652.0;18.0;650.0;11.0;645.0;20.0;660;9;668.0;20.0;674.0;11.0;656.0;0.0
1;84100;MAGNIFICENT_MACARONS;654.0;12.0;652.0;11.0;647.0;28.0;662;6;670.0;28.0;676.0;11.0;658.0;0.0
1;84200;MAGNIFICENT_MACARONS;654.0;12.0;652.0;14.0;646.0;29.0;662;6;670.0;29.0;675.0;14.0;658.0;0.0
1;84300;MAGNIFICENT_MACARONS;651.0;12.0;649.0;12.0;643.0;20.0;659;6;667.0;20.0;672.0;12.0;655.0;0.0
1;84400;MAGNIFICENT_MACARONS;651.0;20.0;648.0;19.0;643.0;26.0;658;10;667.0;26.0;672.0;19.0;654.5;0.0
1;84500;MAGNIFICENT_MACARONS;650.0;10.0;648.0;20.0;642.0;23.0;658;5;666.0;23.0;671.0;20.0;654.0;0.0
1;84600;MAGNIFICENT_MACARONS;649.0;18.0;647.0;14.0;641.0;30.0;653;8;657.0;9.0;665.0;30.0;651.0;0.0
1;84700;MAGNIFICENT_MACARONS;647.0;10.0;645.0;13.0;640.0;23.0;655;5;663.0;23.0;669.0;13.0;651.0;0.0
1;84800;MAGNIFICENT_MACARONS;648.0;12.0;646.0;18.0;641.0;26.0;656;6;664.0;26.0;670.0;18.0;652.0;0.0
1;84900;MAGNIFICENT_MACARONS;646.0;10.0;644.0;17.0;638.0;22.0;654;5;662.0;22.0;667.0;17.0;650.0;0.0
1;85000;MAGNIFICENT_MACARONS;639.0;20.0;637.0;19.0;631.0;23.0;647;10;655.0;23.0;660.0;19.0;643.0;0.0
1;85100;MAGNIFICENT_MACARONS;640.0;14.0;638.0;10.0;632.0;30.0;648;7;656.0;30.0;661.0;10.0;644.0;0.0
1;85200;MAGNIFICENT_MACARONS;647.0;20.0;645.0;11.0;640.0;21.0;655;10;663.0;21.0;669.0;11.0;651.0;0.0
1;85300;MAGNIFICENT_MACARONS;650.0;18.0;648.0;11.0;642.0;28.0;658;9;666.0;28.0;671.0;11.0;654.0;0.0
1;85400;MAGNIFICENT_MACARONS;654.0;10.0;652.0;10.0;647.0;21.0;662;5;670.0;21.0;676.0;10.0;658.0;0.0
1;85500;MAGNIFICENT_MACARONS;656.0;7.0;653.0;18.0;651.0;19.0;661;9;669.0;20.0;674.0;19.0;658.5;0.0
1;85600;MAGNIFICENT_MACARONS;651.0;14.0;649.0;12.0;644.0;29.0;659;7;667.0;29.0;673.0;12.0;655.0;0.0
1;85700;MAGNIFICENT_MACARONS;652.0;14.0;650.0;12.0;645.0;28.0;660;7;668.0;28.0;674.0;12.0;656.0;0.0
1;85800;MAGNIFICENT_MACARONS;651.0;12.0;649.0;16.0;643.0;23.0;659;6;667.0;23.0;672.0;16.0;655.0;0.0
1;85900;MAGNIFICENT_MACARONS;653.0;16.0;651.0;11.0;645.0;22.0;661;8;669.0;22.0;674.0;11.0;657.0;0.0
1;86000;MAGNIFICENT_MACARONS;652.0;10.0;650.0;15.0;645.0;22.0;660;5;668.0;22.0;674.0;15.0;656.0;0.0
1;86100;MAGNIFICENT_MACARONS;651.0;14.0;649.0;12.0;644.0;26.0;659;7;667.0;26.0;673.0;12.0;655.0;0.0
1;86200;MAGNIFICENT_MACARONS;649.0;12.0;647.0;15.0;642.0;27.0;657;6;665.0;27.0;671.0;15.0;653.0;0.0
1;86300;MAGNIFICENT_MACARONS;650.0;18.0;648.0;16.0;642.0;30.0;658;9;666.0;30.0;671.0;16.0;654.0;0.0
1;86400;MAGNIFICENT_MACARONS;653.0;16.0;651.0;14.0;646.0;23.0;661;8;669.0;23.0;675.0;14.0;657.0;0.0
1;86500;MAGNIFICENT_MACARONS;650.0;20.0;648.0;15.0;643.0;21.0;658;10;666.0;21.0;672.0;15.0;654.0;0.0
1;86600;MAGNIFICENT_MACARONS;648.0;14.0;646.0;16.0;641.0;30.0;656;7;664.0;30.0;670.0;16.0;652.0;0.0
1;86700;MAGNIFICENT_MACARONS;649.0;16.0;647.0;15.0;641.0;28.0;657;8;665.0;28.0;670.0;15.0;653.0;0.0
1;86800;MAGNIFICENT_MACARONS;649.0;20.0;647.0;13.0;641.0;30.0;657;10;665.0;30.0;670.0;13.0;653.0;0.0
1;86900;MAGNIFICENT_MACARONS;646.0;10.0;644.0;19.0;638.0;28.0;654;5;662.0;28.0;667.0;19.0;650.0;0.0
1;87000;MAGNIFICENT_MACARONS;646.0;18.0;644.0;14.0;638.0;26.0;654;9;662.0;26.0;667.0;14.0;650.0;0.0
1;87100;MAGNIFICENT_MACARONS;650.0;14.0;648.0;19.0;642.0;27.0;658;7;666.0;27.0;671.0;19.0;654.0;0.0
1;87200;MAGNIFICENT_MACARONS;650.0;16.0;648.0;12.0;642.0;23.0;658;8;666.0;23.0;671.0;12.0;654.0;0.0
1;87300;MAGNIFICENT_MACARONS;647.0;14.0;645.0;14.0;639.0;27.0;655;7;663.0;27.0;668.0;14.0;651.0;0.0
1;87400;MAGNIFICENT_MACARONS;645.0;18.0;643.0;10.0;637.0;29.0;653;9;661.0;29.0;666.0;10.0;649.0;0.0
1;87500;MAGNIFICENT_MACARONS;647.0;18.0;645.0;18.0;639.0;21.0;655;9;663.0;21.0;668.0;18.0;651.0;0.0
1;87600;MAGNIFICENT_MACARONS;648.0;16.0;646.0;12.0;640.0;29.0;656;8;664.0;29.0;669.0;12.0;652.0;0.0
1;87700;MAGNIFICENT_MACARONS;645.0;20.0;643.0;12.0;638.0;23.0;653;10;661.0;23.0;667.0;12.0;649.0;0.0
1;87800;MAGNIFICENT_MACARONS;647.0;12.0;645.0;15.0;639.0;29.0;655;6;663.0;29.0;668.0;15.0;651.0;0.0
1;87900;MAGNIFICENT_MACARONS;644.0;14.0;642.0;14.0;636.0;21.0;652;7;660.0;21.0;665.0;14.0;648.0;0.0
1;88000;MAGNIFICENT_MACARONS;642.0;10.0;640.0;18.0;635.0;26.0;650;5;658.0;26.0;664.0;18.0;646.0;0.0
1;88100;MAGNIFICENT_MACARONS;642.0;16.0;640.0;12.0;635.0;28.0;650;8;658.0;28.0;664.0;12.0;646.0;0.0
1;88200;MAGNIFICENT_MACARONS;642.0;16.0;640.0;17.0;635.0;20.0;650;8;658.0;20.0;664.0;17.0;646.0;0.0
1;88300;MAGNIFICENT_MACARONS;645.0;18.0;643.0;10.0;637.0;29.0;653;9;661.0;29.0;666.0;10.0;649.0;0.0
1;88400;MAGNIFICENT_MACARONS;645.0;18.0;643.0;18.0;638.0;23.0;653;9;661.0;23.0;667.0;18.0;649.0;0.0
1;88500;MAGNIFICENT_MACARONS;640.0;12.0;638.0;19.0;632.0;22.0;644;6;648.0;6.0;656.0;22.0;642.0;0.0
1;88600;MAGNIFICENT_MACARONS;641.0;10.0;639.0;16.0;633.0;30.0;649;5;657.0;30.0;662.0;16.0;645.0;0.0
1;88700;MAGNIFICENT_MACARONS;642.0;14.0;640.0;10.0;634.0;25.0;650;7;658.0;25.0;663.0;10.0;646.0;0.0
1;88800;MAGNIFICENT_MACARONS;641.0;10.0;639.0;15.0;633.0;27.0;649;5;657.0;27.0;662.0;15.0;645.0;0.0
1;88900;MAGNIFICENT_MACARONS;643.0;12.0;641.0;14.0;635.0;26.0;651;6;659.0;26.0;664.0;14.0;647.0;0.0
1;89000;MAGNIFICENT_MACARONS;646.0;18.0;644.0;16.0;639.0;22.0;654;9;662.0;22.0;668.0;16.0;650.0;0.0
1;89100;MAGNIFICENT_MACARONS;645.0;16.0;643.0;17.0;637.0;21.0;653;8;661.0;21.0;666.0;17.0;649.0;0.0
1;89200;MAGNIFICENT_MACARONS;644.0;16.0;642.0;17.0;637.0;24.0;652;8;660.0;24.0;666.0;17.0;648.0;0.0
1;89300;MAGNIFICENT_MACARONS;645.0;12.0;643.0;14.0;637.0;26.0;653;6;661.0;26.0;666.0;14.0;649.0;0.0
1;89400;MAGNIFICENT_MACARONS;640.0;16.0;638.0;16.0;633.0;30.0;648;8;656.0;30.0;662.0;16.0;644.0;0.0
1;89500;MAGNIFICENT_MACARONS;637.0;10.0;635.0;15.0;629.0;30.0;645;5;653.0;30.0;658.0;15.0;641.0;0.0
1;89600;MAGNIFICENT_MACARONS;637.0;16.0;635.0;17.0;629.0;23.0;645;8;653.0;23.0;659.0;17.0;641.0;0.0
1;89700;MAGNIFICENT_MACARONS;639.0;12.0;637.0;17.0;632.0;21.0;647;6;655.0;21.0;661.0;17.0;643.0;0.0
1;89800;MAGNIFICENT_MACARONS;644.0;16.0;642.0;18.0;637.0;27.0;652;8;660.0;27.0;666.0;18.0;648.0;0.0
1;89900;MAGNIFICENT_MACARONS;641.0;20.0;639.0;16.0;634.0;28.0;649;10;657.0;28.0;663.0;16.0;645.0;0.0
1;90000;MAGNIFICENT_MACARONS;647.0;10.0;645.0;19.0;640.0;22.0;655;5;663.0;22.0;669.0;19.0;651.0;0.0
1;90100;MAGNIFICENT_MACARONS;646.0;12.0;644.0;12.0;638.0;21.0;654;6;662.0;21.0;667.0;12.0;650.0;0.0
1;90200;MAGNIFICENT_MACARONS;646.0;10.0;644.0;19.0;638.0;24.0;654;5;662.0;24.0;667.0;19.0;650.0;0.0
1;90300;MAGNIFICENT_MACARONS;642.0;18.0;640.0;17.0;634.0;28.0;650;9;658.0;28.0;663.0;17.0;646.0;0.0
1;90400;MAGNIFICENT_MACARONS;639.0;16.0;637.0;20.0;631.0;26.0;647;8;655.0;26.0;660.0;20.0;643.0;0.0
1;90500;MAGNIFICENT_MACARONS;641.0;18.0;639.0;13.0;634.0;27.0;649;9;657.0;27.0;663.0;13.0;645.0;0.0
1;90600;MAGNIFICENT_MACARONS;643.0;5.0;640.0;18.0;638.0;19.0;648;9;656.0;21.0;661.0;19.0;645.5;0.0
1;90700;MAGNIFICENT_MACARONS;639.0;20.0;637.0;15.0;632.0;20.0;647;10;655.0;20.0;661.0;15.0;643.0;0.0
1;90800;MAGNIFICENT_MACARONS;642.0;16.0;640.0;10.0;634.0;25.0;650;8;658.0;25.0;663.0;10.0;646.0;0.0
1;90900;MAGNIFICENT_MACARONS;641.0;18.0;639.0;10.0;633.0;22.0;645;5;649.0;9.0;657.0;22.0;643.0;0.0
1;91000;MAGNIFICENT_MACARONS;642.0;20.0;640.0;20.0;635.0;30.0;650;10;658.0;30.0;664.0;20.0;646.0;0.0
1;91100;MAGNIFICENT_MACARONS;638.0;20.0;636.0;20.0;631.0;26.0;646;10;654.0;26.0;660.0;20.0;642.0;0.0
1;91200;MAGNIFICENT_MACARONS;641.0;12.0;639.0;15.0;633.0;20.0;649;6;657.0;20.0;662.0;15.0;645.0;0.0
1;91300;MAGNIFICENT_MACARONS;638.0;12.0;636.0;15.0;631.0;22.0;646;6;654.0;22.0;660.0;15.0;642.0;0.0
1;91400;MAGNIFICENT_MACARONS;637.0;20.0;635.0;17.0;630.0;24.0;645;10;653.0;24.0;659.0;17.0;641.0;0.0
1;91500;MAGNIFICENT_MACARONS;639.0;18.0;637.0;10.0;631.0;26.0;647;9;655.0;26.0;660.0;10.0;643.0;0.0
1;91600;MAGNIFICENT_MACARONS;646.0;10.0;644.0;17.0;638.0;20.0;654;5;662.0;20.0;667.0;17.0;650.0;0.0
1;91700;MAGNIFICENT_MACARONS;642.0;12.0;640.0;15.0;635.0;26.0;650;6;658.0;26.0;664.0;15.0;646.0;0.0
1;91800;MAGNIFICENT_MACARONS;641.0;12.0;639.0;13.0;634.0;20.0;649;6;657.0;20.0;663.0;13.0;645.0;0.0
1;91900;MAGNIFICENT_MACARONS;650.0;4.0;645.0;10.0;643.0;10.0;653;5;661.0;29.0;666.0;10.0;651.5;0.0
1;92000;MAGNIFICENT_MACARONS;648.0;14.0;646.0;11.0;641.0;23.0;656;7;664.0;23.0;670.0;11.0;652.0;0.0
1;92100;MAGNIFICENT_MACARONS;647.0;10.0;645.0;11.0;640.0;29.0;655;5;663.0;29.0;669.0;11.0;651.0;0.0
1;92200;MAGNIFICENT_MACARONS;650.0;16.0;648.0;10.0;642.0;29.0;658;8;666.0;29.0;671.0;10.0;654.0;0.0
1;92300;MAGNIFICENT_MACARONS;651.0;10.0;649.0;14.0;644.0;24.0;659;5;667.0;24.0;673.0;14.0;655.0;0.0
1;92400;MAGNIFICENT_MACARONS;652.0;10.0;650.0;10.0;644.0;21.0;660;5;668.0;21.0;673.0;10.0;656.0;0.0
1;92500;MAGNIFICENT_MACARONS;654.0;18.0;652.0;19.0;647.0;27.0;662;9;670.0;27.0;676.0;19.0;658.0;0.0
1;92600;MAGNIFICENT_MACARONS;653.0;14.0;651.0;13.0;645.0;27.0;661;7;669.0;27.0;674.0;13.0;657.0;0.0
1;92700;MAGNIFICENT_MACARONS;657.0;16.0;655.0;11.0;649.0;25.0;665;8;673.0;25.0;678.0;11.0;661.0;0.0
1;92800;MAGNIFICENT_MACARONS;656.0;12.0;654.0;10.0;649.0;29.0;664;6;672.0;29.0;678.0;10.0;660.0;0.0
1;92900;MAGNIFICENT_MACARONS;652.0;12.0;650.0;10.0;645.0;28.0;660;6;668.0;28.0;674.0;10.0;656.0;0.0
1;93000;MAGNIFICENT_MACARONS;649.0;14.0;647.0;12.0;641.0;23.0;657;7;665.0;23.0;670.0;12.0;653.0;0.0
1;93100;MAGNIFICENT_MACARONS;645.0;14.0;643.0;11.0;637.0;25.0;653;7;661.0;25.0;666.0;11.0;649.0;0.0
1;93200;MAGNIFICENT_MACARONS;646.0;5.0;642.0;16.0;640.0;13.0;650;8;658.0;23.0;664.0;13.0;648.0;0.0
1;93300;MAGNIFICENT_MACARONS;641.0;20.0;639.0;12.0;633.0;23.0;649;10;657.0;23.0;662.0;12.0;645.0;0.0
1;93400;MAGNIFICENT_MACARONS;645.0;18.0;643.0;18.0;638.0;23.0;653;9;661.0;23.0;667.0;18.0;649.0;0.0
1;93500;MAGNIFICENT_MACARONS;644.0;14.0;642.0;12.0;636.0;28.0;652;7;660.0;28.0;665.0;12.0;648.0;0.0
1;93600;MAGNIFICENT_MACARONS;642.0;14.0;640.0;17.0;635.0;29.0;650;7;658.0;29.0;664.0;17.0;646.0;0.0
1;93700;MAGNIFICENT_MACARONS;643.0;14.0;641.0;16.0;635.0;29.0;651;7;659.0;29.0;664.0;16.0;647.0;0.0
1;93800;MAGNIFICENT_MACARONS;641.0;20.0;639.0;11.0;633.0;20.0;644;4;649.0;10.0;657.0;20.0;642.5;0.0
1;93900;MAGNIFICENT_MACARONS;634.0;14.0;632.0;12.0;627.0;27.0;642;7;650.0;27.0;656.0;12.0;638.0;0.0
1;94000;MAGNIFICENT_MACARONS;637.0;7.0;634.0;16.0;632.0;11.0;642;8;650.0;22.0;655.0;11.0;639.5;0.0
1;94100;MAGNIFICENT_MACARONS;635.0;8.0;632.0;10.0;630.0;15.0;640;5;648.0;30.0;653.0;15.0;637.5;0.0
1;94200;MAGNIFICENT_MACARONS;637.0;8.0;633.0;18.0;631.0;11.0;641;9;649.0;28.0;655.0;11.0;639.0;0.0
1;94300;MAGNIFICENT_MACARONS;632.0;16.0;630.0;17.0;625.0;29.0;640;8;648.0;29.0;654.0;17.0;636.0;0.0
1;94400;MAGNIFICENT_MACARONS;629.0;18.0;627.0;12.0;622.0;22.0;637;9;645.0;22.0;651.0;12.0;633.0;0.0
1;94500;MAGNIFICENT_MACARONS;630.0;16.0;628.0;18.0;622.0;21.0;638;8;646.0;21.0;651.0;18.0;634.0;0.0
1;94600;MAGNIFICENT_MACARONS;628.0;12.0;626.0;13.0;621.0;28.0;636;6;644.0;28.0;650.0;13.0;632.0;0.0
1;94700;MAGNIFICENT_MACARONS;630.0;14.0;628.0;15.0;622.0;20.0;638;7;646.0;20.0;651.0;15.0;634.0;0.0
1;94800;MAGNIFICENT_MACARONS;630.0;16.0;628.0;14.0;623.0;22.0;638;8;646.0;22.0;652.0;14.0;634.0;0.0
1;94900;MAGNIFICENT_MACARONS;631.0;20.0;629.0;18.0;624.0;26.0;636;6;639.0;10.0;647.0;26.0;633.5;0.0
1;95000;MAGNIFICENT_MACARONS;630.0;10.0;628.0;16.0;622.0;29.0;638;5;646.0;29.0;651.0;16.0;634.0;0.0
1;95100;MAGNIFICENT_MACARONS;626.0;12.0;624.0;16.0;619.0;20.0;634;6;642.0;20.0;648.0;16.0;630.0;0.0
1;95200;MAGNIFICENT_MACARONS;627.0;14.0;624.0;16.0;619.0;29.0;634;7;643.0;29.0;648.0;16.0;630.5;0.0
1;95300;MAGNIFICENT_MACARONS;631.0;20.0;629.0;14.0;624.0;26.0;639;10;647.0;26.0;653.0;14.0;635.0;0.0
1;95400;MAGNIFICENT_MACARONS;633.0;10.0;631.0;11.0;626.0;28.0;641;5;649.0;28.0;655.0;11.0;637.0;0.0
1;95500;MAGNIFICENT_MACARONS;635.0;12.0;633.0;20.0;628.0;21.0;643;6;651.0;21.0;657.0;20.0;639.0;0.0
1;95600;MAGNIFICENT_MACARONS;636.0;18.0;634.0;20.0;628.0;21.0;644;9;652.0;21.0;657.0;20.0;640.0;0.0
1;95700;MAGNIFICENT_MACARONS;639.0;16.0;637.0;11.0;632.0;27.0;647;8;655.0;27.0;661.0;11.0;643.0;0.0
1;95800;MAGNIFICENT_MACARONS;639.0;16.0;637.0;20.0;631.0;21.0;647;8;655.0;21.0;660.0;20.0;643.0;0.0
1;95900;MAGNIFICENT_MACARONS;634.0;16.0;632.0;17.0;626.0;22.0;642;8;650.0;22.0;655.0;17.0;638.0;0.0
1;96000;MAGNIFICENT_MACARONS;634.0;12.0;632.0;20.0;626.0;20.0;642;6;650.0;20.0;655.0;20.0;638.0;0.0
1;96100;MAGNIFICENT_MACARONS;638.0;16.0;636.0;20.0;630.0;26.0;646;8;654.0;26.0;659.0;20.0;642.0;0.0
1;96200;MAGNIFICENT_MACARONS;638.0;14.0;636.0;10.0;630.0;20.0;646;7;654.0;20.0;659.0;10.0;642.0;0.0
1;96300;MAGNIFICENT_MACARONS;637.0;14.0;635.0;12.0;630.0;23.0;645;7;653.0;23.0;659.0;12.0;641.0;0.0
1;96400;MAGNIFICENT_MACARONS;634.0;12.0;632.0;10.0;626.0;25.0;642;6;650.0;25.0;655.0;10.0;638.0;0.0
1;96500;MAGNIFICENT_MACARONS;638.0;20.0;636.0;16.0;631.0;25.0;646;10;654.0;25.0;660.0;16.0;642.0;0.0
1;96600;MAGNIFICENT_MACARONS;640.0;14.0;638.0;18.0;632.0;24.0;648;7;656.0;24.0;661.0;18.0;644.0;0.0
1;96700;MAGNIFICENT_MACARONS;635.0;10.0;633.0;10.0;628.0;30.0;643;5;651.0;30.0;657.0;10.0;639.0;0.0
1;96800;MAGNIFICENT_MACARONS;639.0;4.0;634.0;14.0;632.0;18.0;642;7;650.0;28.0;655.0;18.0;640.5;0.0
1;96900;MAGNIFICENT_MACARONS;636.0;14.0;634.0;11.0;628.0;22.0;644;7;652.0;22.0;657.0;11.0;640.0;0.0
1;97000;MAGNIFICENT_MACARONS;635.0;14.0;633.0;13.0;628.0;24.0;643;7;651.0;24.0;657.0;13.0;639.0;0.0
1;97100;MAGNIFICENT_MACARONS;637.0;16.0;635.0;16.0;630.0;29.0;645;8;653.0;29.0;659.0;16.0;641.0;0.0
1;97200;MAGNIFICENT_MACARONS;634.0;10.0;632.0;11.0;627.0;20.0;642;5;650.0;20.0;656.0;11.0;638.0;0.0
1;97300;MAGNIFICENT_MACARONS;636.0;10.0;634.0;10.0;629.0;21.0;644;5;652.0;21.0;658.0;10.0;640.0;0.0
1;97400;MAGNIFICENT_MACARONS;633.0;20.0;631.0;17.0;626.0;30.0;641;10;649.0;30.0;655.0;17.0;637.0;0.0
1;97500;MAGNIFICENT_MACARONS;636.0;12.0;634.0;18.0;628.0;24.0;644;6;652.0;24.0;657.0;18.0;640.0;0.0
1;97600;MAGNIFICENT_MACARONS;636.0;20.0;634.0;10.0;628.0;25.0;644;10;652.0;25.0;657.0;10.0;640.0;0.0
1;97700;MAGNIFICENT_MACARONS;632.0;10.0;630.0;17.0;624.0;27.0;640;5;648.0;27.0;653.0;17.0;636.0;0.0
1;97800;MAGNIFICENT_MACARONS;633.0;16.0;631.0;20.0;625.0;26.0;641;8;649.0;26.0;654.0;20.0;637.0;0.0
1;97900;MAGNIFICENT_MACARONS;630.0;20.0;628.0;14.0;623.0;23.0;638;10;646.0;23.0;652.0;14.0;634.0;0.0
1;98000;MAGNIFICENT_MACARONS;629.0;16.0;627.0;16.0;621.0;25.0;637;8;645.0;25.0;650.0;16.0;633.0;0.0
1;98100;MAGNIFICENT_MACARONS;629.0;16.0;627.0;13.0;621.0;30.0;637;8;645.0;30.0;650.0;13.0;633.0;0.0
1;98200;MAGNIFICENT_MACARONS;630.0;18.0;628.0;16.0;623.0;29.0;638;9;646.0;29.0;652.0;16.0;634.0;0.0
1;98300;MAGNIFICENT_MACARONS;634.0;10.0;632.0;13.0;627.0;21.0;642;5;650.0;21.0;656.0;13.0;638.0;0.0
1;98400;MAGNIFICENT_MACARONS;632.0;14.0;630.0;16.0;625.0;27.0;637;5;640.0;7.0;648.0;27.0;634.5;0.0
1;98500;MAGNIFICENT_MACARONS;632.0;12.0;630.0;10.0;625.0;30.0;640;6;648.0;30.0;654.0;10.0;636.0;0.0
1;98600;MAGNIFICENT_MACARONS;632.0;14.0;630.0;20.0;624.0;24.0;640;7;648.0;24.0;653.0;20.0;636.0;0.0
1;98700;MAGNIFICENT_MACARONS;635.0;10.0;633.0;17.0;627.0;25.0;643;5;651.0;25.0;656.0;17.0;639.0;0.0
1;98800;MAGNIFICENT_MACARONS;635.0;12.0;633.0;19.0;627.0;23.0;643;6;651.0;23.0;657.0;19.0;639.0;0.0
1;98900;MAGNIFICENT_MACARONS;642.0;5.0;640.0;8.0;637.0;20.0;645;10;653.0;24.0;658.0;17.0;643.5;0.0
1;99000;MAGNIFICENT_MACARONS;635.0;14.0;633.0;14.0;627.0;27.0;643;7;651.0;27.0;656.0;14.0;639.0;0.0
1;99100;MAGNIFICENT_MACARONS;634.0;20.0;632.0;16.0;627.0;22.0;642;10;650.0;22.0;656.0;16.0;638.0;0.0
1;99200;MAGNIFICENT_MACARONS;629.0;14.0;627.0;18.0;621.0;26.0;637;7;645.0;26.0;650.0;18.0;633.0;0.0
1;99300;MAGNIFICENT_MACARONS;626.0;16.0;624.0;12.0;618.0;21.0;630;9;634.0;8.0;642.0;21.0;628.0;0.0
1;99400;MAGNIFICENT_MACARONS;627.0;14.0;625.0;20.0;620.0;29.0;635;7;643.0;29.0;649.0;20.0;631.0;0.0
1;99500;MAGNIFICENT_MACARONS;627.0;16.0;625.0;13.0;619.0;20.0;635;8;643.0;20.0;649.0;13.0;631.0;0.0
1;99600;MAGNIFICENT_MACARONS;625.0;16.0;623.0;13.0;618.0;28.0;633;8;641.0;28.0;647.0;13.0;629.0;0.0
1;99700;MAGNIFICENT_MACARONS;625.0;14.0;623.0;12.0;617.0;26.0;633;7;641.0;26.0;646.0;12.0;629.0;0.0
