day;timestamp;product;bid_price_1;bid_volume_1;bid_price_2;bid_volume_2;bid_price_3;bid_volume_3;ask_price_1;ask_volume_1;ask_price_2;ask_volume_2;ask_price_3;ask_volume_3;mid_price;profit_and_loss
-1;0;PICNIC_BASKET2;30606.0;20.0;30605.0;18.0;;;30612;20;30613.0;18.0;;;30609.0;0.0
-1;100;PICNIC_BASKET2;30610.0;17.0;30609.0;20.0;;;30616;37;;;;;30612.5;0.0
-1;200;PICNIC_BASKET2;30612.0;13.0;30611.0;20.0;;;30618;33;;;;;30614.5;0.0
-1;300;PICNIC_BASKET2;30618.0;2.0;30617.0;41.0;;;30623;19;30624.0;24.0;;;30620.5;0.0
-1;400;PICNIC_BASKET2;30620.0;2.0;30619.0;43.0;;;30622;6;30625.0;17.0;30626.0;28.0;30622.5;0.0
-1;500;PICNIC_BASKET2;30623.0;6.0;30618.0;13.0;30617.0;17.0;30624;30;;;;;30620.5;0.0
-1;600;PICNIC_BASKET2;30624.0;6.0;30622.0;14.0;30621.0;30.0;30628;44;;;;;30624.5;0.0
-1;700;PICNIC_BASKET2;30626.0;2.0;30621.0;12.0;30620.0;19.0;30627;31;;;;;30623.5;0.0
-1;800;PICNIC_BASKET2;30618.0;1.0;30617.0;34.0;;;30623;14;30624.0;21.0;;;30620.5;0.0
-1;900;PICNIC_BASKET2;30620.0;1.0;30619.0;38.0;;;30625;14;30626.0;25.0;;;30622.5;0.0
-1;1000;PICNIC_BASKET2;30621.0;41.0;;;;;30628;41;;;;;30624.5;0.0
-1;1100;PICNIC_BASKET2;30618.0;2.0;30617.0;36.0;;;30623;2;30624.0;36.0;;;30620.5;0.0
-1;1200;PICNIC_BASKET2;30619.0;46.0;;;;;30626;46;;;;;30622.5;0.0
-1;1300;PICNIC_BASKET2;30617.0;18.0;30616.0;15.0;;;30622;1;30623.0;32.0;;;30620.0;0.0
-1;1400;PICNIC_BASKET2;30622.0;18.0;30621.0;24.0;;;30627;1;30628.0;41.0;;;30624.5;0.0
-1;1500;PICNIC_BASKET2;30619.0;34.0;;;;;30626;34;;;;;30622.5;0.0
-1;1600;PICNIC_BASKET2;30618.0;18.0;30617.0;19.0;;;30624;37;;;;;30620.5;0.0
-1;1700;PICNIC_BASKET2;30615.0;2.0;30614.0;29.0;;;30620;2;30621.0;29.0;;;30617.5;0.0
-1;1800;PICNIC_BASKET2;30614.0;1.0;30613.0;47.0;;;30619;21;30620.0;27.0;;;30616.5;0.0
-1;1900;PICNIC_BASKET2;30610.0;17.0;30609.0;17.0;;;30615;1;30616.0;33.0;;;30613.0;0.0
-1;2000;PICNIC_BASKET2;30609.0;2.0;30608.0;42.0;;;30614;16;30615.0;28.0;;;30611.5;0.0
-1;2100;PICNIC_BASKET2;30608.0;2.0;30607.0;37.0;;;30613;17;30614.0;22.0;;;30610.5;0.0
-1;2200;PICNIC_BASKET2;30608.0;41.0;;;;;30614;21;30615.0;20.0;;;30611.0;0.0
-1;2300;PICNIC_BASKET2;30606.0;2.0;30605.0;40.0;;;30608;2;30611.0;2.0;30612.0;40.0;30608.5;0.0
-1;2400;PICNIC_BASKET2;30605.0;19.0;30604.0;24.0;;;30611;43;;;;;30607.5;0.0
-1;2500;PICNIC_BASKET2;30603.0;19.0;30602.0;16.0;;;30609;19;30610.0;16.0;;;30606.0;0.0
-1;2600;PICNIC_BASKET2;30605.0;12.0;30604.0;26.0;;;30611;38;;;;;30607.5;0.0
-1;2700;PICNIC_BASKET2;30607.0;33.0;;;;;30613;17;30614.0;16.0;;;30610.0;0.0
-1;2800;PICNIC_BASKET2;30605.0;47.0;;;;;30612;47;;;;;30608.5;0.0
-1;2900;PICNIC_BASKET2;30607.0;1.0;30606.0;38.0;;;30612;1;30613.0;38.0;;;30609.5;0.0
-1;3000;PICNIC_BASKET2;30609.0;10.0;30608.0;29.0;;;30615;39;;;;;30611.5;0.0
-1;3100;PICNIC_BASKET2;30611.0;2.0;30610.0;39.0;;;30616;2;30617.0;39.0;;;30613.5;0.0
-1;3200;PICNIC_BASKET2;30608.0;1.0;30607.0;40.0;;;30613;16;30614.0;25.0;;;30610.5;0.0
-1;3300;PICNIC_BASKET2;30600.0;43.0;;;;;30606;16;30607.0;27.0;;;30603.5;0.0
-1;3400;PICNIC_BASKET2;30600.0;44.0;;;;;30606;18;30607.0;26.0;;;30603.5;0.0
-1;3500;PICNIC_BASKET2;30609.0;4.0;30606.0;35.0;;;30612;20;30613.0;15.0;;;30609.0;0.0
-1;3600;PICNIC_BASKET2;30606.0;18.0;30605.0;30.0;;;30612;48;;;;;30608.5;0.0
-1;3700;PICNIC_BASKET2;30609.0;17.0;30608.0;21.0;;;30614;1;30615.0;37.0;;;30611.5;0.0
-1;3800;PICNIC_BASKET2;30612.0;2.0;30611.0;32.0;;;30617;18;30618.0;16.0;;;30614.0;0.0
-1;3900;PICNIC_BASKET2;30614.0;34.0;;;;;30620;13;30621.0;25.0;;;30617.5;0.0
-1;4000;PICNIC_BASKET2;30615.0;18.0;30614.0;28.0;;;30620;2;30621.0;44.0;;;30617.5;0.0
-1;4100;PICNIC_BASKET2;30618.0;15.0;30617.0;17.0;;;30623;2;30624.0;30.0;;;30620.5;0.0
-1;4200;PICNIC_BASKET2;30618.0;21.0;30617.0;19.0;;;30624;40;;;;;30621.0;0.0
-1;4300;PICNIC_BASKET2;30616.0;16.0;30615.0;29.0;;;30622;45;;;;;30618.5;0.0
-1;4400;PICNIC_BASKET2;30618.0;28.0;;;;;30625;28;;;;;30621.5;0.0
-1;4500;PICNIC_BASKET2;30618.0;1.0;30617.0;31.0;;;30620;1;30623.0;14.0;30624.0;18.0;30620.5;0.0
-1;4600;PICNIC_BASKET2;30615.0;1.0;30614.0;35.0;;;30620;1;30621.0;35.0;;;30617.5;0.0
-1;4700;PICNIC_BASKET2;30610.0;2.0;30609.0;31.0;;;30615;2;30616.0;31.0;;;30612.5;0.0
-1;4800;PICNIC_BASKET2;30614.0;13.0;30613.0;27.0;;;30620;13;30621.0;27.0;;;30617.0;0.0
-1;4900;PICNIC_BASKET2;30615.0;10.0;30614.0;25.0;;;30621;35;;;;;30617.5;0.0
-1;5000;PICNIC_BASKET2;30616.0;2.0;30615.0;32.0;;;30621;18;30622.0;16.0;;;30618.0;0.0
-1;5100;PICNIC_BASKET2;30618.0;1.0;30617.0;38.0;;;30623;11;30624.0;28.0;;;30620.5;0.0
-1;5200;PICNIC_BASKET2;30620.0;1.0;30619.0;42.0;;;30625;1;30626.0;42.0;;;30622.5;0.0
-1;5300;PICNIC_BASKET2;30620.0;21.0;30619.0;17.0;;;30625;1;30626.0;37.0;;;30623.0;0.0
-1;5400;PICNIC_BASKET2;30620.0;13.0;30619.0;16.0;;;30626;29;;;;;30622.5;0.0
-1;5500;PICNIC_BASKET2;30620.0;17.0;30619.0;28.0;;;30626;45;;;;;30622.5;0.0
-1;5600;PICNIC_BASKET2;30620.0;13.0;30619.0;21.0;;;30622;4;30626.0;34.0;;;30622.5;0.0
-1;5700;PICNIC_BASKET2;30620.0;16.0;30619.0;28.0;;;30626;16;30627.0;28.0;;;30623.0;0.0
-1;5800;PICNIC_BASKET2;30621.0;1.0;30620.0;34.0;;;30626;1;30627.0;34.0;;;30623.5;0.0
-1;5900;PICNIC_BASKET2;30623.0;2.0;30622.0;34.0;;;30628;16;30629.0;20.0;;;30625.5;0.0
-1;6000;PICNIC_BASKET2;30624.0;43.0;;;;;30631;43;;;;;30627.5;0.0
-1;6100;PICNIC_BASKET2;30627.0;20.0;30626.0;15.0;;;30629;6;30632.0;1.0;30633.0;34.0;30630.0;0.0
-1;6200;PICNIC_BASKET2;30630.0;1.0;30629.0;43.0;;;30632;4;30635.0;16.0;30636.0;28.0;30632.5;0.0
-1;6300;PICNIC_BASKET2;30630.0;18.0;30629.0;25.0;;;30636;18;30637.0;25.0;;;30633.0;0.0
-1;6400;PICNIC_BASKET2;30631.0;1.0;30630.0;48.0;;;30636;1;30637.0;48.0;;;30633.5;0.0
-1;6500;PICNIC_BASKET2;30628.0;16.0;30627.0;25.0;;;30634;16;30635.0;25.0;;;30631.0;0.0
-1;6600;PICNIC_BASKET2;30628.0;2.0;30627.0;37.0;;;30633;2;30634.0;37.0;;;30630.5;0.0
-1;6700;PICNIC_BASKET2;30629.0;12.0;30628.0;17.0;;;30635;29;;;;;30631.5;0.0
-1;6800;PICNIC_BASKET2;30627.0;42.0;;;;;30633;17;30634.0;25.0;;;30630.5;0.0
-1;6900;PICNIC_BASKET2;30631.0;4.0;30627.0;1.0;30626.0;44.0;30632;1;30633.0;44.0;;;30629.5;0.0
-1;7000;PICNIC_BASKET2;30626.0;19.0;30625.0;16.0;;;30632;35;;;;;30629.0;0.0
-1;7100;PICNIC_BASKET2;30625.0;14.0;30624.0;26.0;;;30630;1;30631.0;39.0;;;30627.5;0.0
-1;7200;PICNIC_BASKET2;30622.0;1.0;30621.0;42.0;;;30627;18;30628.0;25.0;;;30624.5;0.0
-1;7300;PICNIC_BASKET2;30618.0;2.0;30617.0;31.0;;;30623;15;30624.0;18.0;;;30620.5;0.0
-1;7400;PICNIC_BASKET2;30618.0;34.0;;;;;30624;18;30625.0;16.0;;;30621.0;0.0
-1;7500;PICNIC_BASKET2;30612.0;31.0;;;;;30619;31;;;;;30615.5;0.0
-1;7600;PICNIC_BASKET2;30610.0;2.0;30609.0;35.0;;;30615;19;30616.0;18.0;;;30612.0;0.0
-1;7700;PICNIC_BASKET2;30606.0;44.0;;;;;30612;20;30613.0;24.0;;;30609.5;0.0
-1;7800;PICNIC_BASKET2;30609.0;11.0;30608.0;15.0;;;30614;1;30615.0;25.0;;;30611.5;0.0
-1;7900;PICNIC_BASKET2;30612.0;1.0;30611.0;28.0;;;30617;1;30618.0;28.0;;;30614.5;0.0
-1;8000;PICNIC_BASKET2;30607.0;8.0;30605.0;13.0;30604.0;20.0;30611;33;;;;;30607.5;0.0
-1;8100;PICNIC_BASKET2;30598.0;1.0;30597.0;44.0;;;30603;15;30604.0;30.0;;;30600.5;0.0
-1;8200;PICNIC_BASKET2;30595.0;14.0;30594.0;17.0;;;30601;31;;;;;30597.5;0.0
-1;8300;PICNIC_BASKET2;30592.0;1.0;30591.0;42.0;;;30597;21;30598.0;22.0;;;30594.5;0.0
-1;8400;PICNIC_BASKET2;30592.0;46.0;;;;;30598;18;30599.0;28.0;;;30595.5;0.0
-1;8500;PICNIC_BASKET2;30591.0;20.0;30590.0;17.0;;;30597;20;30598.0;17.0;;;30594.0;0.0
-1;8600;PICNIC_BASKET2;30589.0;13.0;30588.0;29.0;;;30594;1;30595.0;41.0;;;30591.5;0.0
-1;8700;PICNIC_BASKET2;30591.0;40.0;;;;;30597;11;30598.0;29.0;;;30594.5;0.0
-1;8800;PICNIC_BASKET2;30594.0;17.0;30593.0;28.0;;;30600;17;30601.0;28.0;;;30597.0;0.0
-1;8900;PICNIC_BASKET2;30598.0;5.0;30595.0;34.0;;;30601;13;30602.0;21.0;;;30598.5;0.0
-1;9000;PICNIC_BASKET2;30593.0;19.0;30592.0;29.0;;;30598;2;30599.0;46.0;;;30595.5;0.0
-1;9100;PICNIC_BASKET2;30595.0;16.0;30594.0;25.0;;;30600;2;30601.0;39.0;;;30597.5;0.0
-1;9200;PICNIC_BASKET2;30596.0;42.0;;;;;30602;12;30603.0;30.0;;;30599.5;0.0
-1;9300;PICNIC_BASKET2;30603.0;36.0;;;;;30609;19;30610.0;17.0;;;30606.0;0.0
-1;9400;PICNIC_BASKET2;30603.0;14.0;30602.0;22.0;;;30608;2;30609.0;34.0;;;30605.5;0.0
-1;9500;PICNIC_BASKET2;30608.0;17.0;30607.0;30.0;;;30614;17;30615.0;30.0;;;30611.0;0.0
-1;9600;PICNIC_BASKET2;30609.0;12.0;30608.0;21.0;;;30614;1;30615.0;32.0;;;30611.5;0.0
-1;9700;PICNIC_BASKET2;30609.0;38.0;;;;;30616;38;;;;;30612.5;0.0
-1;9800;PICNIC_BASKET2;30606.0;41.0;;;;;30612;18;30613.0;23.0;;;30609.5;0.0
-1;9900;PICNIC_BASKET2;30603.0;16.0;30602.0;20.0;;;30609;36;;;;;30605.5;0.0
-1;10000;PICNIC_BASKET2;30605.0;18.0;30604.0;20.0;;;30611;38;;;;;30607.5;0.0
-1;10100;PICNIC_BASKET2;30605.0;1.0;30604.0;38.0;;;30610;15;30611.0;24.0;;;30607.5;0.0
-1;10200;PICNIC_BASKET2;30609.0;6.0;30605.0;2.0;30604.0;33.0;30610;2;30611.0;33.0;;;30607.5;0.0
-1;10300;PICNIC_BASKET2;30602.0;45.0;;;;;30608;15;30609.0;30.0;;;30605.5;0.0
-1;10400;PICNIC_BASKET2;30603.0;15.0;30602.0;20.0;;;30608;1;30609.0;34.0;;;30605.5;0.0
-1;10500;PICNIC_BASKET2;30608.0;14.0;30607.0;21.0;;;30614;14;30615.0;21.0;;;30611.0;0.0
-1;10600;PICNIC_BASKET2;30606.0;39.0;;;;;30612;16;30613.0;23.0;;;30609.5;0.0
-1;10700;PICNIC_BASKET2;30608.0;44.0;;;;;30614;20;30615.0;24.0;;;30611.5;0.0
-1;10800;PICNIC_BASKET2;30613.0;38.0;;;;;30619;21;30620.0;17.0;;;30616.0;0.0
-1;10900;PICNIC_BASKET2;30616.0;1.0;30615.0;45.0;;;30621;21;30622.0;25.0;;;30618.5;0.0
-1;11000;PICNIC_BASKET2;30616.0;10.0;30615.0;29.0;;;30622;10;30623.0;29.0;;;30619.0;0.0
-1;11100;PICNIC_BASKET2;30616.0;35.0;;;;;30622;20;30623.0;15.0;;;30619.0;0.0
-1;11200;PICNIC_BASKET2;30618.0;2.0;30617.0;36.0;;;30623;2;30624.0;36.0;;;30620.5;0.0
-1;11300;PICNIC_BASKET2;30608.0;1.0;30607.0;38.0;;;30613;1;30614.0;38.0;;;30610.5;0.0
-1;11400;PICNIC_BASKET2;30613.0;1.0;30612.0;37.0;;;30618;15;30619.0;23.0;;;30615.5;0.0
-1;11500;PICNIC_BASKET2;30611.0;16.0;30610.0;22.0;;;30616;1;30617.0;37.0;;;30613.5;0.0
-1;11600;PICNIC_BASKET2;30617.0;1.0;30614.0;39.0;;;30620;16;30621.0;23.0;;;30617.5;0.0
-1;11700;PICNIC_BASKET2;30620.0;4.0;30618.0;16.0;30617.0;30.0;30623;2;30624.0;44.0;;;30620.5;0.0
-1;11800;PICNIC_BASKET2;30615.0;15.0;30614.0;20.0;;;30621;35;;;;;30617.5;0.0
-1;11900;PICNIC_BASKET2;30612.0;12.0;30611.0;22.0;;;30618;34;;;;;30614.5;0.0
-1;12000;PICNIC_BASKET2;30615.0;38.0;;;;;30621;17;30622.0;21.0;;;30618.5;0.0
-1;12100;PICNIC_BASKET2;30615.0;2.0;30614.0;32.0;;;30620;2;30621.0;32.0;;;30617.5;0.0
-1;12200;PICNIC_BASKET2;30613.0;2.0;30612.0;39.0;;;30615;1;30618.0;2.0;30619.0;39.0;30615.5;0.0
-1;12300;PICNIC_BASKET2;30606.0;1.0;30605.0;40.0;;;30611;20;30612.0;21.0;;;30608.5;0.0
-1;12400;PICNIC_BASKET2;30605.0;19.0;30604.0;16.0;;;30611;35;;;;;30608.0;0.0
-1;12500;PICNIC_BASKET2;30604.0;36.0;;;;;30610;18;30611.0;18.0;;;30607.0;0.0
-1;12600;PICNIC_BASKET2;30604.0;31.0;;;;;30611;31;;;;;30607.5;0.0
-1;12700;PICNIC_BASKET2;30604.0;13.0;30603.0;27.0;;;30609;2;30610.0;38.0;;;30606.5;0.0
-1;12800;PICNIC_BASKET2;30606.0;16.0;30605.0;24.0;;;30612;40;;;;;30608.5;0.0
-1;12900;PICNIC_BASKET2;30611.0;20.0;30610.0;28.0;;;30617;20;30618.0;28.0;;;30614.0;0.0
-1;13000;PICNIC_BASKET2;30610.0;44.0;;;;;30617;44;;;;;30613.5;0.0
-1;13100;PICNIC_BASKET2;30612.0;16.0;30611.0;18.0;;;30617;1;30618.0;33.0;;;30614.5;0.0
-1;13200;PICNIC_BASKET2;30611.0;44.0;;;;;30617;19;30618.0;25.0;;;30614.5;0.0
-1;13300;PICNIC_BASKET2;30609.0;37.0;;;;;30615;15;30616.0;22.0;;;30612.5;0.0
-1;13400;PICNIC_BASKET2;30607.0;44.0;;;;;30613;21;30614.0;23.0;;;30610.5;0.0
-1;13500;PICNIC_BASKET2;30612.0;17.0;30611.0;29.0;;;30618;46;;;;;30614.5;0.0
-1;13600;PICNIC_BASKET2;30611.0;39.0;;;;;30618;39;;;;;30614.5;0.0
-1;13700;PICNIC_BASKET2;30616.0;1.0;30615.0;28.0;;;30621;11;30622.0;18.0;;;30618.5;0.0
-1;13800;PICNIC_BASKET2;30617.0;2.0;30616.0;26.0;;;30619;8;30622.0;2.0;30623.0;26.0;30619.5;0.0
-1;13900;PICNIC_BASKET2;30617.0;22.0;30616.0;27.0;;;30623;49;;;;;30619.5;0.0
-1;14000;PICNIC_BASKET2;30621.0;2.0;30620.0;33.0;;;30626;2;30627.0;33.0;;;30623.5;0.0
-1;14100;PICNIC_BASKET2;30625.0;2.0;30624.0;39.0;;;30630;2;30631.0;39.0;;;30627.5;0.0
-1;14200;PICNIC_BASKET2;30623.0;38.0;;;;;30629;19;30630.0;19.0;;;30626.0;0.0
-1;14300;PICNIC_BASKET2;30625.0;2.0;30624.0;38.0;;;30630;12;30631.0;28.0;;;30627.5;0.0
-1;14400;PICNIC_BASKET2;30625.0;13.0;30624.0;20.0;;;30630;1;30631.0;32.0;;;30627.5;0.0
-1;14500;PICNIC_BASKET2;30625.0;18.0;30624.0;26.0;;;30631;44;;;;;30627.5;0.0
-1;14600;PICNIC_BASKET2;30630.0;18.0;30629.0;25.0;;;30636;41;;;;;30632.5;0.0
-1;14700;PICNIC_BASKET2;30630.0;35.0;;;;;30636;16;30637.0;19.0;;;30633.5;0.0
-1;14800;PICNIC_BASKET2;30627.0;19.0;30626.0;15.0;;;30633;34;;;;;30630.0;0.0
-1;14900;PICNIC_BASKET2;30627.0;30.0;;;;;30633;15;30634.0;15.0;;;30630.0;0.0
-1;15000;PICNIC_BASKET2;30629.0;44.0;;;;;30636;44;;;;;30632.5;0.0
-1;15100;PICNIC_BASKET2;30627.0;11.0;30626.0;29.0;;;30633;11;30634.0;29.0;;;30630.0;0.0
-1;15200;PICNIC_BASKET2;30626.0;38.0;;;;;30632;15;30633.0;23.0;;;30629.5;0.0
-1;15300;PICNIC_BASKET2;30626.0;19.0;30625.0;16.0;;;30632;35;;;;;30629.0;0.0
-1;15400;PICNIC_BASKET2;30623.0;2.0;30622.0;38.0;;;30628;2;30629.0;38.0;;;30625.5;0.0
-1;15500;PICNIC_BASKET2;30623.0;2.0;30622.0;29.0;;;30628;13;30629.0;18.0;;;30625.5;0.0
-1;15600;PICNIC_BASKET2;30623.0;2.0;30622.0;45.0;;;30628;2;30629.0;45.0;;;30625.5;0.0
-1;15700;PICNIC_BASKET2;30620.0;1.0;30619.0;42.0;;;30625;17;30626.0;26.0;;;30622.5;0.0
-1;15800;PICNIC_BASKET2;30618.0;18.0;30617.0;27.0;;;30623;2;30624.0;43.0;;;30620.5;0.0
-1;15900;PICNIC_BASKET2;30620.0;13.0;30619.0;26.0;;;30625;2;30626.0;37.0;;;30622.5;0.0
-1;16000;PICNIC_BASKET2;30623.0;21.0;30622.0;15.0;;;30628;2;30629.0;34.0;;;30626.0;0.0
-1;16100;PICNIC_BASKET2;30626.0;2.0;30621.0;36.0;;;30628;36;;;;;30624.5;0.0
-1;16200;PICNIC_BASKET2;30625.0;13.0;30624.0;21.0;;;30631;34;;;;;30627.5;0.0
-1;16300;PICNIC_BASKET2;30628.0;20.0;30627.0;18.0;;;30633;1;30634.0;37.0;;;30631.0;0.0
-1;16400;PICNIC_BASKET2;30631.0;2.0;30630.0;41.0;;;30636;2;30637.0;41.0;;;30633.5;0.0
-1;16500;PICNIC_BASKET2;30632.0;2.0;30631.0;43.0;;;30637;2;30638.0;43.0;;;30634.5;0.0
-1;16600;PICNIC_BASKET2;30631.0;2.0;30630.0;26.0;;;30636;13;30637.0;15.0;;;30633.5;0.0
-1;16700;PICNIC_BASKET2;30629.0;18.0;30628.0;15.0;;;30635;18;30636.0;15.0;;;30632.0;0.0
-1;16800;PICNIC_BASKET2;30628.0;30.0;;;;;30634;12;30635.0;18.0;;;30631.5;0.0
-1;16900;PICNIC_BASKET2;30632.0;1.0;30631.0;26.0;;;30637;11;30638.0;16.0;;;30634.5;0.0
-1;17000;PICNIC_BASKET2;30629.0;35.0;;;;;30636;35;;;;;30632.5;0.0
-1;17100;PICNIC_BASKET2;30632.0;2.0;30631.0;35.0;;;30637;18;30638.0;19.0;;;30634.5;0.0
-1;17200;PICNIC_BASKET2;30629.0;19.0;30628.0;29.0;;;30634;2;30635.0;46.0;;;30631.5;0.0
-1;17300;PICNIC_BASKET2;30629.0;2.0;30628.0;43.0;;;30631;6;30634.0;2.0;30635.0;43.0;30631.5;0.0
-1;17400;PICNIC_BASKET2;30626.0;40.0;;;;;30629;5;30632.0;16.0;30633.0;24.0;30629.5;0.0
-1;17500;PICNIC_BASKET2;30630.0;43.0;;;;;30636;13;30637.0;30.0;;;30633.5;0.0
-1;17600;PICNIC_BASKET2;30628.0;12.0;30627.0;28.0;;;30634;40;;;;;30630.5;0.0
-1;17700;PICNIC_BASKET2;30627.0;36.0;;;;;30633;18;30634.0;18.0;;;30630.0;0.0
-1;17800;PICNIC_BASKET2;30624.0;2.0;30623.0;32.0;;;30629;18;30630.0;16.0;;;30626.0;0.0
-1;17900;PICNIC_BASKET2;30625.0;19.0;30624.0;23.0;;;30631;42;;;;;30627.5;0.0
-1;18000;PICNIC_BASKET2;30619.0;14.0;30618.0;28.0;;;30624;2;30625.0;40.0;;;30621.5;0.0
-1;18100;PICNIC_BASKET2;30615.0;20.0;30614.0;29.0;;;30621;49;;;;;30617.5;0.0
-1;18200;PICNIC_BASKET2;30612.0;41.0;;;;;30618;12;30619.0;29.0;;;30615.5;0.0
-1;18300;PICNIC_BASKET2;30610.0;17.0;30609.0;28.0;;;30616;45;;;;;30612.5;0.0
-1;18400;PICNIC_BASKET2;30612.0;2.0;30611.0;47.0;;;30617;2;30618.0;47.0;;;30614.5;0.0
-1;18500;PICNIC_BASKET2;30613.0;17.0;30612.0;18.0;;;30619;35;;;;;30615.5;0.0
-1;18600;PICNIC_BASKET2;30613.0;39.0;;;;;30619;13;30620.0;26.0;;;30616.5;0.0
-1;18700;PICNIC_BASKET2;30614.0;35.0;;;;;30620;12;30621.0;23.0;;;30617.5;0.0
-1;18800;PICNIC_BASKET2;30611.0;2.0;30610.0;28.0;;;30616;2;30617.0;28.0;;;30613.5;0.0
-1;18900;PICNIC_BASKET2;30608.0;28.0;;;;;30614;12;30615.0;16.0;;;30611.5;0.0
-1;19000;PICNIC_BASKET2;30609.0;2.0;30608.0;38.0;;;30614;17;30615.0;23.0;;;30611.5;0.0
-1;19100;PICNIC_BASKET2;30612.0;16.0;30611.0;18.0;;;30617;2;30618.0;32.0;;;30614.5;0.0
-1;19200;PICNIC_BASKET2;30612.0;24.0;;;;;30618;14;30619.0;18.0;;;30615.5;0.0
-1;19300;PICNIC_BASKET2;30613.0;2.0;30612.0;49.0;;;30618;21;30619.0;30.0;;;30615.5;0.0
-1;19400;PICNIC_BASKET2;30609.0;31.0;;;;;30615;10;30616.0;21.0;;;30612.5;0.0
-1;19500;PICNIC_BASKET2;30613.0;14.0;30612.0;28.0;;;30619;42;;;;;30615.5;0.0
-1;19600;PICNIC_BASKET2;30614.0;2.0;30613.0;47.0;;;30616;2;30619.0;2.0;30620.0;47.0;30616.5;0.0
-1;19700;PICNIC_BASKET2;30612.0;2.0;30611.0;30.0;;;30617;2;30618.0;30.0;;;30614.5;0.0
-1;19800;PICNIC_BASKET2;30610.0;2.0;30609.0;39.0;;;30615;21;30616.0;20.0;;;30612.0;0.0
-1;19900;PICNIC_BASKET2;30610.0;2.0;30609.0;39.0;;;30615;13;30616.0;28.0;;;30612.5;0.0
-1;20000;PICNIC_BASKET2;30606.0;33.0;;;;;30612;11;30613.0;22.0;;;30609.5;0.0
-1;20100;PICNIC_BASKET2;30605.0;12.0;30604.0;24.0;;;30611;12;30612.0;24.0;;;30608.0;0.0
-1;20200;PICNIC_BASKET2;30603.0;39.0;;;;;30606;1;30609.0;14.0;30610.0;25.0;30606.5;0.0
-1;20300;PICNIC_BASKET2;30599.0;42.0;;;;;30606;42;;;;;30602.5;0.0
-1;20400;PICNIC_BASKET2;30593.0;1.0;30592.0;38.0;;;30598;1;30599.0;38.0;;;30595.5;0.0
-1;20500;PICNIC_BASKET2;30592.0;2.0;30591.0;39.0;;;30597;14;30598.0;27.0;;;30594.5;0.0
-1;20600;PICNIC_BASKET2;30591.0;2.0;30590.0;37.0;;;30596;2;30597.0;37.0;;;30593.5;0.0
-1;20700;PICNIC_BASKET2;30590.0;16.0;30589.0;29.0;;;30596;45;;;;;30592.5;0.0
-1;20800;PICNIC_BASKET2;30589.0;2.0;30588.0;38.0;;;30591;6;30594.0;2.0;30595.0;38.0;30591.5;0.0
-1;20900;PICNIC_BASKET2;30588.0;33.0;;;;;30595;33;;;;;30591.5;0.0
-1;21000;PICNIC_BASKET2;30592.0;2.0;30591.0;38.0;;;30597;22;30598.0;18.0;;;30594.0;0.0
-1;21100;PICNIC_BASKET2;30593.0;2.0;30592.0;41.0;;;30598;18;30599.0;25.0;;;30595.5;0.0
-1;21200;PICNIC_BASKET2;30590.0;16.0;30589.0;21.0;;;30596;16;30597.0;21.0;;;30593.0;0.0
-1;21300;PICNIC_BASKET2;30585.0;18.0;30584.0;15.0;;;30591;18;30592.0;15.0;;;30588.0;0.0
-1;21400;PICNIC_BASKET2;30584.0;14.0;30583.0;16.0;;;30586;5;30590.0;14.0;30591.0;16.0;30587.0;0.0
-1;21500;PICNIC_BASKET2;30583.0;12.0;30582.0;26.0;;;30586;8;30589.0;12.0;30590.0;26.0;30586.0;0.0
-1;21600;PICNIC_BASKET2;30583.0;12.0;30582.0;25.0;;;30585;8;30589.0;37.0;;;30585.5;0.0
-1;21700;PICNIC_BASKET2;30587.0;4.0;30582.0;22.0;30581.0;18.0;30588;38;;;;;30585.0;0.0
-1;21800;PICNIC_BASKET2;30587.0;2.0;30586.0;30.0;;;30592;2;30593.0;30.0;;;30589.5;0.0
-1;21900;PICNIC_BASKET2;30586.0;21.0;30585.0;27.0;;;30591;1;30592.0;47.0;;;30588.5;0.0
-1;22000;PICNIC_BASKET2;30585.0;34.0;;;;;30591;17;30592.0;17.0;;;30588.0;0.0
-1;22100;PICNIC_BASKET2;30590.0;7.0;30586.0;2.0;30585.0;49.0;30591;2;30592.0;49.0;;;30588.5;0.0
-1;22200;PICNIC_BASKET2;30587.0;1.0;30586.0;47.0;;;30592;1;30593.0;47.0;;;30589.5;0.0
-1;22300;PICNIC_BASKET2;30588.0;11.0;30587.0;26.0;;;30594;37;;;;;30590.5;0.0
-1;22400;PICNIC_BASKET2;30587.0;16.0;30586.0;24.0;;;30592;2;30593.0;38.0;;;30589.5;0.0
-1;22500;PICNIC_BASKET2;30589.0;2.0;30588.0;40.0;;;30594;16;30595.0;26.0;;;30591.5;0.0
-1;22600;PICNIC_BASKET2;30585.0;41.0;;;;;30588;4;30591.0;20.0;30592.0;21.0;30588.5;0.0
-1;22700;PICNIC_BASKET2;30590.0;8.0;30588.0;22.0;30587.0;24.0;30593;2;30594.0;44.0;;;30590.5;0.0
-1;22800;PICNIC_BASKET2;30591.0;20.0;30590.0;27.0;;;30593;2;30596.0;1.0;30597.0;46.0;30593.5;0.0
-1;22900;PICNIC_BASKET2;30590.0;20.0;30589.0;19.0;;;30595;2;30596.0;37.0;;;30593.0;0.0
-1;23000;PICNIC_BASKET2;30590.0;18.0;30589.0;30.0;;;30595;1;30596.0;47.0;;;30592.5;0.0
-1;23100;PICNIC_BASKET2;30589.0;39.0;;;;;30596;39;;;;;30592.5;0.0
-1;23200;PICNIC_BASKET2;30585.0;14.0;30584.0;24.0;;;30591;38;;;;;30587.5;0.0
-1;23300;PICNIC_BASKET2;30585.0;20.0;30584.0;17.0;;;30590;1;30591.0;36.0;;;30588.0;0.0
-1;23400;PICNIC_BASKET2;30587.0;1.0;30586.0;40.0;;;30592;1;30593.0;40.0;;;30589.5;0.0
-1;23500;PICNIC_BASKET2;30587.0;14.0;30586.0;30.0;;;30592;2;30593.0;42.0;;;30589.5;0.0
-1;23600;PICNIC_BASKET2;30586.0;35.0;;;;;30592;14;30593.0;21.0;;;30589.5;0.0
-1;23700;PICNIC_BASKET2;30587.0;14.0;30586.0;22.0;;;30592;2;30593.0;34.0;;;30589.5;0.0
-1;23800;PICNIC_BASKET2;30587.0;36.0;;;;;30593;19;30594.0;17.0;;;30590.0;0.0
-1;23900;PICNIC_BASKET2;30589.0;34.0;;;;;30595;16;30596.0;18.0;;;30592.5;0.0
-1;24000;PICNIC_BASKET2;30588.0;19.0;30587.0;20.0;;;30594;19;30595.0;20.0;;;30591.0;0.0
-1;24100;PICNIC_BASKET2;30590.0;20.0;30589.0;28.0;;;30596;48;;;;;30592.5;0.0
-1;24200;PICNIC_BASKET2;30593.0;5.0;30590.0;14.0;30589.0;25.0;30596;14;30597.0;25.0;;;30593.0;0.0
-1;24300;PICNIC_BASKET2;30591.0;16.0;30590.0;17.0;;;30597;16;30598.0;17.0;;;30594.0;0.0
-1;24400;PICNIC_BASKET2;30591.0;17.0;30590.0;20.0;;;30597;37;;;;;30593.5;0.0
-1;24500;PICNIC_BASKET2;30590.0;1.0;30589.0;50.0;;;30595;21;30596.0;30.0;;;30592.5;0.0
-1;24600;PICNIC_BASKET2;30592.0;45.0;;;;;30598;17;30599.0;28.0;;;30595.5;0.0
-1;24700;PICNIC_BASKET2;30595.0;18.0;30594.0;15.0;;;30601;18;30602.0;15.0;;;30598.0;0.0
-1;24800;PICNIC_BASKET2;30594.0;18.0;30593.0;25.0;;;30600;43;;;;;30596.5;0.0
-1;24900;PICNIC_BASKET2;30596.0;12.0;30595.0;23.0;;;30601;1;30602.0;34.0;;;30598.5;0.0
-1;25000;PICNIC_BASKET2;30595.0;13.0;30594.0;20.0;;;30597;6;30601.0;33.0;;;30597.5;0.0
-1;25100;PICNIC_BASKET2;30595.0;15.0;30594.0;24.0;;;30601;39;;;;;30597.5;0.0
-1;25200;PICNIC_BASKET2;30598.0;19.0;30597.0;15.0;;;30604;19;30605.0;15.0;;;30601.0;0.0
-1;25300;PICNIC_BASKET2;30599.0;12.0;30598.0;24.0;;;30605;12;30606.0;24.0;;;30602.0;0.0
-1;25400;PICNIC_BASKET2;30599.0;1.0;30598.0;35.0;;;30604;1;30605.0;35.0;;;30601.5;0.0
-1;25500;PICNIC_BASKET2;30601.0;45.0;;;;;30604;5;30607.0;17.0;30608.0;28.0;30604.5;0.0
-1;25600;PICNIC_BASKET2;30600.0;38.0;;;;;30606;11;30607.0;27.0;;;30603.5;0.0
-1;25700;PICNIC_BASKET2;30601.0;18.0;30600.0;30.0;;;30607;18;30608.0;30.0;;;30604.0;0.0
-1;25800;PICNIC_BASKET2;30603.0;45.0;;;;;30610;45;;;;;30606.5;0.0
-1;25900;PICNIC_BASKET2;30611.0;2.0;30610.0;47.0;;;30616;2;30617.0;47.0;;;30613.5;0.0
-1;26000;PICNIC_BASKET2;30611.0;13.0;30610.0;19.0;;;30613;6;30616.0;2.0;30617.0;30.0;30613.5;0.0
-1;26100;PICNIC_BASKET2;30612.0;10.0;30611.0;19.0;;;30618;29;;;;;30614.5;0.0
-1;26200;PICNIC_BASKET2;30611.0;17.0;30610.0;22.0;;;30616;1;30617.0;38.0;;;30613.5;0.0
-1;26300;PICNIC_BASKET2;30614.0;19.0;30613.0;24.0;;;30619;1;30620.0;42.0;;;30616.5;0.0
-1;26400;PICNIC_BASKET2;30611.0;14.0;30610.0;16.0;;;30617;14;30618.0;16.0;;;30614.0;0.0
-1;26500;PICNIC_BASKET2;30612.0;17.0;30611.0;20.0;;;30617;1;30618.0;36.0;;;30614.5;0.0
-1;26600;PICNIC_BASKET2;30614.0;18.0;30613.0;28.0;;;30619;2;30620.0;44.0;;;30616.5;0.0
-1;26700;PICNIC_BASKET2;30614.0;1.0;30613.0;32.0;;;30619;1;30620.0;32.0;;;30616.5;0.0
-1;26800;PICNIC_BASKET2;30615.0;15.0;30614.0;18.0;;;30621;15;30622.0;18.0;;;30618.0;0.0
-1;26900;PICNIC_BASKET2;30616.0;12.0;30615.0;19.0;;;30622;31;;;;;30618.5;0.0
-1;27000;PICNIC_BASKET2;30616.0;31.0;;;;;30622;11;30623.0;20.0;;;30619.5;0.0
-1;27100;PICNIC_BASKET2;30617.0;13.0;30616.0;19.0;;;30623;13;30624.0;19.0;;;30620.0;0.0
-1;27200;PICNIC_BASKET2;30620.0;13.0;30619.0;19.0;;;30626;32;;;;;30622.5;0.0
-1;27300;PICNIC_BASKET2;30619.0;2.0;30618.0;33.0;;;30624;20;30625.0;15.0;;;30621.0;0.0
-1;27400;PICNIC_BASKET2;30623.0;45.0;;;;;30630;45;;;;;30626.5;0.0
-1;27500;PICNIC_BASKET2;30629.0;1.0;30628.0;40.0;;;30634;18;30635.0;23.0;;;30631.5;0.0
-1;27600;PICNIC_BASKET2;30625.0;30.0;;;;;30628;5;30631.0;15.0;30632.0;15.0;30628.0;0.0
-1;27700;PICNIC_BASKET2;30627.0;10.0;30626.0;18.0;;;30633;10;30634.0;18.0;;;30630.0;0.0
-1;27800;PICNIC_BASKET2;30628.0;2.0;30627.0;35.0;;;30633;2;30634.0;35.0;;;30630.5;0.0
-1;27900;PICNIC_BASKET2;30628.0;2.0;30627.0;29.0;;;30633;13;30634.0;18.0;;;30630.5;0.0
-1;28000;PICNIC_BASKET2;30632.0;20.0;30631.0;19.0;;;30638;39;;;;;30635.0;0.0
-1;28100;PICNIC_BASKET2;30632.0;2.0;30631.0;39.0;;;30637;2;30638.0;39.0;;;30634.5;0.0
-1;28200;PICNIC_BASKET2;30629.0;1.0;30628.0;34.0;;;30634;1;30635.0;34.0;;;30631.5;0.0
-1;28300;PICNIC_BASKET2;30626.0;1.0;30625.0;38.0;;;30631;1;30632.0;38.0;;;30628.5;0.0
-1;28400;PICNIC_BASKET2;30625.0;38.0;;;;;30631;19;30632.0;19.0;;;30628.0;0.0
-1;28500;PICNIC_BASKET2;30622.0;46.0;;;;;30628;20;30629.0;26.0;;;30625.5;0.0
-1;28600;PICNIC_BASKET2;30625.0;2.0;30624.0;33.0;;;30630;2;30631.0;33.0;;;30627.5;0.0
-1;28700;PICNIC_BASKET2;30626.0;34.0;;;;;30633;34;;;;;30629.5;0.0
-1;28800;PICNIC_BASKET2;30619.0;33.0;;;;;30625;16;30626.0;17.0;;;30622.5;0.0
-1;28900;PICNIC_BASKET2;30625.0;14.0;30624.0;17.0;;;30630;1;30631.0;30.0;;;30627.5;0.0
-1;29000;PICNIC_BASKET2;30623.0;35.0;;;;;30630;35;;;;;30626.5;0.0
-1;29100;PICNIC_BASKET2;30623.0;2.0;30622.0;40.0;;;30628;20;30629.0;22.0;;;30625.5;0.0
-1;29200;PICNIC_BASKET2;30623.0;18.0;30622.0;28.0;;;30629;18;30630.0;28.0;;;30626.0;0.0
-1;29300;PICNIC_BASKET2;30622.0;2.0;30621.0;39.0;;;30627;13;30628.0;28.0;;;30624.5;0.0
-1;29400;PICNIC_BASKET2;30625.0;1.0;30624.0;29.0;;;30630;12;30631.0;18.0;;;30627.5;0.0
-1;29500;PICNIC_BASKET2;30629.0;2.0;30628.0;38.0;;;30634;17;30635.0;23.0;;;30631.5;0.0
-1;29600;PICNIC_BASKET2;30627.0;2.0;30626.0;39.0;;;30632;2;30633.0;39.0;;;30629.5;0.0
-1;29700;PICNIC_BASKET2;30630.0;1.0;30629.0;41.0;;;30635;18;30636.0;24.0;;;30632.5;0.0
-1;29800;PICNIC_BASKET2;30630.0;43.0;;;;;30636;18;30637.0;25.0;;;30633.5;0.0
-1;29900;PICNIC_BASKET2;30631.0;38.0;;;;;30637;12;30638.0;26.0;;;30634.5;0.0
-1;30000;PICNIC_BASKET2;30632.0;16.0;30631.0;25.0;;;30637;1;30638.0;40.0;;;30634.5;0.0
-1;30100;PICNIC_BASKET2;30634.0;17.0;30633.0;28.0;;;30640;45;;;;;30636.5;0.0
-1;30200;PICNIC_BASKET2;30634.0;2.0;30633.0;35.0;;;30639;2;30640.0;35.0;;;30636.5;0.0
-1;30300;PICNIC_BASKET2;30636.0;18.0;30635.0;26.0;;;30641;2;30642.0;42.0;;;30638.5;0.0
-1;30400;PICNIC_BASKET2;30635.0;20.0;30634.0;26.0;;;30641;20;30642.0;26.0;;;30638.0;0.0
-1;30500;PICNIC_BASKET2;30635.0;2.0;30634.0;36.0;;;30640;17;30641.0;21.0;;;30637.5;0.0
-1;30600;PICNIC_BASKET2;30637.0;14.0;30636.0;20.0;;;30642;2;30643.0;32.0;;;30639.5;0.0
-1;30700;PICNIC_BASKET2;30640.0;39.0;;;;;30646;20;30647.0;19.0;;;30643.0;0.0
-1;30800;PICNIC_BASKET2;30639.0;1.0;30638.0;31.0;;;30644;1;30645.0;31.0;;;30641.5;0.0
-1;30900;PICNIC_BASKET2;30640.0;14.0;30639.0;18.0;;;30645;2;30646.0;30.0;;;30642.5;0.0
-1;31000;PICNIC_BASKET2;30642.0;1.0;30641.0;29.0;;;30647;1;30648.0;29.0;;;30644.5;0.0
-1;31100;PICNIC_BASKET2;30641.0;19.0;30640.0;29.0;;;30646;2;30647.0;46.0;;;30643.5;0.0
-1;31200;PICNIC_BASKET2;30642.0;2.0;30641.0;44.0;;;30647;2;30648.0;44.0;;;30644.5;0.0
-1;31300;PICNIC_BASKET2;30640.0;20.0;30639.0;17.0;;;30646;20;30647.0;17.0;;;30643.0;0.0
-1;31400;PICNIC_BASKET2;30638.0;19.0;30637.0;24.0;;;30644;19;30645.0;24.0;;;30641.0;0.0
-1;31500;PICNIC_BASKET2;30637.0;42.0;;;;;30643;16;30644.0;26.0;;;30640.5;0.0
-1;31600;PICNIC_BASKET2;30636.0;40.0;;;;;30642;17;30643.0;23.0;;;30639.5;0.0
-1;31700;PICNIC_BASKET2;30638.0;33.0;;;;;30641;5;30644.0;13.0;30645.0;26.0;30641.5;0.0
-1;31800;PICNIC_BASKET2;30637.0;13.0;30636.0;24.0;;;30643;13;30644.0;24.0;;;30640.0;0.0
-1;31900;PICNIC_BASKET2;30637.0;37.0;;;;;30643;10;30644.0;27.0;;;30640.5;0.0
-1;32000;PICNIC_BASKET2;30636.0;14.0;30635.0;19.0;;;30642;14;30643.0;19.0;;;30639.0;0.0
-1;32100;PICNIC_BASKET2;30635.0;11.0;30634.0;28.0;;;30641;39;;;;;30637.5;0.0
-1;32200;PICNIC_BASKET2;30634.0;36.0;;;;;30640;14;30641.0;22.0;;;30637.5;0.0
-1;32300;PICNIC_BASKET2;30633.0;41.0;;;;;30640;41;;;;;30636.5;0.0
-1;32400;PICNIC_BASKET2;30630.0;17.0;30629.0;29.0;;;30635;1;30636.0;45.0;;;30632.5;0.0
-1;32500;PICNIC_BASKET2;30632.0;37.0;;;;;30638;16;30639.0;21.0;;;30635.5;0.0
-1;32600;PICNIC_BASKET2;30630.0;3.0;30628.0;16.0;30627.0;29.0;30634;45;;;;;30630.5;0.0
-1;32700;PICNIC_BASKET2;30628.0;2.0;30627.0;35.0;;;30633;21;30634.0;16.0;;;30630.0;0.0
-1;32800;PICNIC_BASKET2;30633.0;4.0;30631.0;2.0;30630.0;31.0;30636;16;30637.0;17.0;;;30633.5;0.0
-1;32900;PICNIC_BASKET2;30630.0;2.0;30629.0;34.0;;;30635;14;30636.0;22.0;;;30632.5;0.0
-1;33000;PICNIC_BASKET2;30629.0;19.0;30628.0;24.0;;;30635;19;30636.0;24.0;;;30632.0;0.0
-1;33100;PICNIC_BASKET2;30629.0;1.0;30628.0;48.0;;;30634;1;30635.0;48.0;;;30631.5;0.0
-1;33200;PICNIC_BASKET2;30631.0;16.0;30630.0;19.0;;;30637;35;;;;;30633.5;0.0
-1;33300;PICNIC_BASKET2;30631.0;1.0;30630.0;41.0;;;30636;20;30637.0;22.0;;;30633.5;0.0
-1;33400;PICNIC_BASKET2;30631.0;13.0;30630.0;16.0;;;30636;2;30637.0;27.0;;;30633.5;0.0
-1;33500;PICNIC_BASKET2;30629.0;1.0;30628.0;41.0;;;30634;1;30635.0;41.0;;;30631.5;0.0
-1;33600;PICNIC_BASKET2;30635.0;34.0;;;;;30642;34;;;;;30638.5;0.0
-1;33700;PICNIC_BASKET2;30632.0;42.0;;;;;30638;20;30639.0;22.0;;;30635.5;0.0
-1;33800;PICNIC_BASKET2;30634.0;15.0;30633.0;24.0;;;30640;39;;;;;30636.5;0.0
-1;33900;PICNIC_BASKET2;30634.0;12.0;30633.0;30.0;;;30640;42;;;;;30636.5;0.0
-1;34000;PICNIC_BASKET2;30636.0;13.0;30635.0;28.0;;;30642;13;30643.0;28.0;;;30639.0;0.0
-1;34100;PICNIC_BASKET2;30640.0;1.0;30639.0;40.0;;;30645;19;30646.0;22.0;;;30642.5;0.0
-1;34200;PICNIC_BASKET2;30642.0;20.0;30641.0;23.0;;;30648;43;;;;;30644.5;0.0
-1;34300;PICNIC_BASKET2;30642.0;8.0;30641.0;23.0;;;30648;12;30649.0;23.0;;;30645.0;0.0
-1;34400;PICNIC_BASKET2;30640.0;13.0;30639.0;19.0;;;30646;13;30647.0;19.0;;;30643.0;0.0
-1;34500;PICNIC_BASKET2;30641.0;40.0;;;;;30647;17;30648.0;23.0;;;30644.5;0.0
-1;34600;PICNIC_BASKET2;30644.0;17.0;30643.0;23.0;;;30650;40;;;;;30646.5;0.0
-1;34700;PICNIC_BASKET2;30643.0;31.0;;;;;30649;16;30650.0;15.0;;;30646.0;0.0
-1;34800;PICNIC_BASKET2;30643.0;2.0;30642.0;34.0;;;30648;19;30649.0;17.0;;;30645.0;0.0
-1;34900;PICNIC_BASKET2;30638.0;18.0;30637.0;17.0;;;30643;1;30644.0;34.0;;;30641.0;0.0
-1;35000;PICNIC_BASKET2;30637.0;16.0;30636.0;28.0;;;30643;44;;;;;30639.5;0.0
-1;35100;PICNIC_BASKET2;30642.0;2.0;30641.0;38.0;;;30647;16;30648.0;24.0;;;30644.5;0.0
-1;35200;PICNIC_BASKET2;30640.0;44.0;;;;;30646;19;30647.0;25.0;;;30643.5;0.0
-1;35300;PICNIC_BASKET2;30638.0;1.0;30637.0;39.0;;;30643;18;30644.0;22.0;;;30640.5;0.0
-1;35400;PICNIC_BASKET2;30635.0;35.0;;;;;30642;35;;;;;30638.5;0.0
-1;35500;PICNIC_BASKET2;30637.0;2.0;30636.0;47.0;;;30642;21;30643.0;28.0;;;30639.5;0.0
-1;35600;PICNIC_BASKET2;30634.0;35.0;;;;;30640;20;30641.0;15.0;;;30637.0;0.0
-1;35700;PICNIC_BASKET2;30637.0;13.0;30636.0;23.0;;;30642;2;30643.0;34.0;;;30639.5;0.0
-1;35800;PICNIC_BASKET2;30642.0;1.0;30641.0;40.0;;;30647;13;30648.0;28.0;;;30644.5;0.0
-1;35900;PICNIC_BASKET2;30643.0;2.0;30642.0;41.0;;;30648;14;30649.0;29.0;;;30645.5;0.0
-1;36000;PICNIC_BASKET2;30644.0;18.0;30643.0;26.0;;;30650;44;;;;;30646.5;0.0
-1;36100;PICNIC_BASKET2;30646.0;34.0;;;;;30652;12;30653.0;22.0;;;30649.5;0.0
-1;36200;PICNIC_BASKET2;30646.0;18.0;30645.0;18.0;;;30651;1;30652.0;35.0;;;30649.0;0.0
-1;36300;PICNIC_BASKET2;30647.0;1.0;30646.0;35.0;;;30652;14;30653.0;22.0;;;30649.5;0.0
-1;36400;PICNIC_BASKET2;30647.0;21.0;30646.0;23.0;;;30653;44;;;;;30649.5;0.0
-1;36500;PICNIC_BASKET2;30649.0;14.0;30648.0;27.0;;;30655;41;;;;;30651.5;0.0
-1;36600;PICNIC_BASKET2;30650.0;1.0;30649.0;35.0;;;30655;11;30656.0;25.0;;;30652.5;0.0
-1;36700;PICNIC_BASKET2;30651.0;39.0;;;;;30658;39;;;;;30654.5;0.0
-1;36800;PICNIC_BASKET2;30651.0;26.0;;;;;30657;10;30658.0;16.0;;;30654.5;0.0
-1;36900;PICNIC_BASKET2;30653.0;1.0;30652.0;48.0;;;30658;21;30659.0;28.0;;;30655.5;0.0
-1;37000;PICNIC_BASKET2;30656.0;8.0;30654.0;2.0;30653.0;31.0;30659;16;30660.0;17.0;;;30656.5;0.0
-1;37100;PICNIC_BASKET2;30656.0;2.0;30655.0;43.0;;;30661;2;30662.0;43.0;;;30658.5;0.0
-1;37200;PICNIC_BASKET2;30656.0;1.0;30655.0;39.0;;;30661;11;30662.0;29.0;;;30658.5;0.0
-1;37300;PICNIC_BASKET2;30656.0;34.0;;;;;30662;11;30663.0;23.0;;;30659.5;0.0
-1;37400;PICNIC_BASKET2;30655.0;35.0;;;;;30661;11;30662.0;24.0;;;30658.5;0.0
-1;37500;PICNIC_BASKET2;30656.0;3.0;30654.0;2.0;30653.0;44.0;30659;22;30660.0;24.0;;;30656.5;0.0
-1;37600;PICNIC_BASKET2;30657.0;43.0;;;;;30663;17;30664.0;26.0;;;30660.5;0.0
-1;37700;PICNIC_BASKET2;30659.0;14.0;30658.0;18.0;;;30664;1;30665.0;31.0;;;30661.5;0.0
-1;37800;PICNIC_BASKET2;30660.0;6.0;30657.0;39.0;;;30663;18;30664.0;21.0;;;30660.5;0.0
-1;37900;PICNIC_BASKET2;30656.0;18.0;30655.0;28.0;;;30662;46;;;;;30658.5;0.0
-1;38000;PICNIC_BASKET2;30656.0;22.0;30655.0;26.0;;;30661;2;30662.0;46.0;;;30658.5;0.0
-1;38100;PICNIC_BASKET2;30661.0;8.0;30659.0;2.0;30658.0;41.0;30664;20;30665.0;23.0;;;30661.5;0.0
-1;38200;PICNIC_BASKET2;30659.0;1.0;30658.0;34.0;;;30664;1;30665.0;34.0;;;30661.5;0.0
-1;38300;PICNIC_BASKET2;30659.0;19.0;30658.0;30.0;;;30665;49;;;;;30661.5;0.0
-1;38400;PICNIC_BASKET2;30659.0;1.0;30658.0;37.0;;;30664;11;30665.0;27.0;;;30661.5;0.0
-1;38500;PICNIC_BASKET2;30658.0;15.0;30657.0;24.0;;;30664;39;;;;;30660.5;0.0
-1;38600;PICNIC_BASKET2;30661.0;14.0;30660.0;17.0;;;30666;2;30667.0;29.0;;;30663.5;0.0
-1;38700;PICNIC_BASKET2;30663.0;38.0;;;;;30670;38;;;;;30666.5;0.0
-1;38800;PICNIC_BASKET2;30665.0;18.0;30664.0;26.0;;;30667;7;30671.0;18.0;30672.0;26.0;30668.0;0.0
-1;38900;PICNIC_BASKET2;30673.0;3.0;30671.0;2.0;30670.0;37.0;30676;14;30677.0;25.0;;;30673.5;0.0
-1;39000;PICNIC_BASKET2;30672.0;17.0;30671.0;25.0;;;30678;17;30679.0;25.0;;;30675.0;0.0
-1;39100;PICNIC_BASKET2;30671.0;14.0;30670.0;20.0;;;30676;1;30677.0;33.0;;;30673.5;0.0
-1;39200;PICNIC_BASKET2;30667.0;1.0;30666.0;38.0;;;30672;14;30673.0;25.0;;;30669.5;0.0
-1;39300;PICNIC_BASKET2;30668.0;12.0;30667.0;15.0;;;30674;12;30675.0;15.0;;;30671.0;0.0
-1;39400;PICNIC_BASKET2;30677.0;2.0;30674.0;7.0;30672.0;12.0;30678;41;;;;;30675.0;0.0
-1;39500;PICNIC_BASKET2;30669.0;44.0;;;;;30675;18;30676.0;26.0;;;30672.5;0.0
-1;39600;PICNIC_BASKET2;30669.0;27.0;;;;;30675;12;30676.0;15.0;;;30672.5;0.0
-1;39700;PICNIC_BASKET2;30669.0;8.0;30667.0;14.0;30666.0;19.0;30673;33;;;;;30669.5;0.0
-1;39800;PICNIC_BASKET2;30667.0;21.0;30666.0;25.0;;;30672;1;30673.0;45.0;;;30669.5;0.0
-1;39900;PICNIC_BASKET2;30673.0;11.0;30672.0;27.0;;;30678;1;30679.0;37.0;;;30675.5;0.0
-1;40000;PICNIC_BASKET2;30671.0;32.0;;;;;30677;17;30678.0;15.0;;;30674.0;0.0
-1;40100;PICNIC_BASKET2;30668.0;22.0;30667.0;28.0;;;30674;50;;;;;30670.5;0.0
-1;40200;PICNIC_BASKET2;30670.0;6.0;30666.0;1.0;30665.0;40.0;30671;1;30672.0;40.0;;;30668.5;0.0
-1;40300;PICNIC_BASKET2;30668.0;13.0;30667.0;28.0;;;30674;41;;;;;30670.5;0.0
-1;40400;PICNIC_BASKET2;30677.0;19.0;30676.0;28.0;;;30683;47;;;;;30679.5;0.0
-1;40500;PICNIC_BASKET2;30675.0;22.0;30674.0;29.0;;;30680;2;30681.0;49.0;;;30677.5;0.0
-1;40600;PICNIC_BASKET2;30679.0;21.0;30678.0;27.0;;;30685;21;30686.0;27.0;;;30682.0;0.0
-1;40700;PICNIC_BASKET2;30681.0;44.0;;;;;30687;19;30688.0;25.0;;;30684.5;0.0
-1;40800;PICNIC_BASKET2;30678.0;13.0;30677.0;27.0;;;30684;13;30685.0;27.0;;;30681.0;0.0
-1;40900;PICNIC_BASKET2;30675.0;19.0;30674.0;27.0;;;30681;46;;;;;30677.5;0.0
-1;41000;PICNIC_BASKET2;30676.0;42.0;;;;;30682;17;30683.0;25.0;;;30679.5;0.0
-1;41100;PICNIC_BASKET2;30672.0;12.0;30671.0;25.0;;;30678;37;;;;;30674.5;0.0
-1;41200;PICNIC_BASKET2;30674.0;17.0;30673.0;26.0;;;30680;43;;;;;30676.5;0.0
-1;41300;PICNIC_BASKET2;30673.0;18.0;30672.0;19.0;;;30678;1;30679.0;36.0;;;30675.5;0.0
-1;41400;PICNIC_BASKET2;30669.0;2.0;30668.0;36.0;;;30674;15;30675.0;23.0;;;30671.5;0.0
-1;41500;PICNIC_BASKET2;30671.0;2.0;30670.0;39.0;;;30676;2;30677.0;39.0;;;30673.5;0.0
-1;41600;PICNIC_BASKET2;30673.0;21.0;30672.0;17.0;;;30678;1;30679.0;37.0;;;30676.0;0.0
-1;41700;PICNIC_BASKET2;30672.0;18.0;30671.0;25.0;;;30678;18;30679.0;25.0;;;30675.0;0.0
-1;41800;PICNIC_BASKET2;30668.0;22.0;30667.0;27.0;;;30673;2;30674.0;47.0;;;30670.5;0.0
-1;41900;PICNIC_BASKET2;30667.0;1.0;30666.0;44.0;;;30672;1;30673.0;44.0;;;30669.5;0.0
-1;42000;PICNIC_BASKET2;30664.0;2.0;30663.0;36.0;;;30669;16;30670.0;22.0;;;30666.5;0.0
-1;42100;PICNIC_BASKET2;30664.0;13.0;30663.0;20.0;;;30669;2;30670.0;31.0;;;30666.5;0.0
-1;42200;PICNIC_BASKET2;30663.0;41.0;;;;;30669;14;30670.0;27.0;;;30666.5;0.0
-1;42300;PICNIC_BASKET2;30661.0;17.0;30660.0;15.0;;;30667;32;;;;;30664.0;0.0
-1;42400;PICNIC_BASKET2;30658.0;2.0;30657.0;41.0;;;30663;21;30664.0;22.0;;;30660.5;0.0
-1;42500;PICNIC_BASKET2;30655.0;38.0;;;;;30662;38;;;;;30658.5;0.0
-1;42600;PICNIC_BASKET2;30657.0;15.0;30656.0;19.0;;;30663;34;;;;;30659.5;0.0
-1;42700;PICNIC_BASKET2;30657.0;36.0;;;;;30663;18;30664.0;18.0;;;30660.0;0.0
-1;42800;PICNIC_BASKET2;30654.0;36.0;;;;;30661;36;;;;;30657.5;0.0
-1;42900;PICNIC_BASKET2;30652.0;11.0;30651.0;22.0;;;30658;33;;;;;30654.5;0.0
-1;43000;PICNIC_BASKET2;30652.0;39.0;;;;;30659;39;;;;;30655.5;0.0
-1;43100;PICNIC_BASKET2;30654.0;3.0;30651.0;33.0;;;30657;11;30658.0;22.0;;;30654.5;0.0
-1;43200;PICNIC_BASKET2;30654.0;1.0;30653.0;35.0;;;30659;15;30660.0;21.0;;;30656.5;0.0
-1;43300;PICNIC_BASKET2;30651.0;11.0;30650.0;17.0;;;30656;1;30657.0;27.0;;;30653.5;0.0
-1;43400;PICNIC_BASKET2;30651.0;18.0;30650.0;30.0;;;30656;2;30657.0;46.0;;;30653.5;0.0
-1;43500;PICNIC_BASKET2;30647.0;29.0;;;;;30653;12;30654.0;17.0;;;30650.5;0.0
-1;43600;PICNIC_BASKET2;30646.0;29.0;;;;;30652;14;30653.0;15.0;;;30649.5;0.0
-1;43700;PICNIC_BASKET2;30644.0;1.0;30643.0;27.0;;;30649;1;30650.0;27.0;;;30646.5;0.0
-1;43800;PICNIC_BASKET2;30646.0;21.0;30645.0;22.0;;;30651;2;30652.0;41.0;;;30648.5;0.0
-1;43900;PICNIC_BASKET2;30648.0;15.0;30647.0;16.0;;;30653;1;30654.0;30.0;;;30650.5;0.0
-1;44000;PICNIC_BASKET2;30647.0;2.0;30646.0;41.0;;;30652;13;30653.0;30.0;;;30649.5;0.0
-1;44100;PICNIC_BASKET2;30642.0;15.0;30641.0;26.0;;;30648;41;;;;;30644.5;0.0
-1;44200;PICNIC_BASKET2;30643.0;38.0;;;;;30649;11;30650.0;27.0;;;30646.5;0.0
-1;44300;PICNIC_BASKET2;30642.0;13.0;30641.0;30.0;;;30648;13;30649.0;30.0;;;30645.0;0.0
-1;44400;PICNIC_BASKET2;30636.0;41.0;;;;;30642;16;30643.0;25.0;;;30639.5;0.0
-1;44500;PICNIC_BASKET2;30638.0;44.0;;;;;30644;15;30645.0;29.0;;;30641.5;0.0
-1;44600;PICNIC_BASKET2;30639.0;13.0;30638.0;29.0;;;30644;1;30645.0;41.0;;;30641.5;0.0
-1;44700;PICNIC_BASKET2;30634.0;17.0;30633.0;22.0;;;30640;17;30641.0;22.0;;;30637.0;0.0
-1;44800;PICNIC_BASKET2;30633.0;12.0;30632.0;18.0;;;30639;12;30640.0;18.0;;;30636.0;0.0
-1;44900;PICNIC_BASKET2;30639.0;13.0;30638.0;19.0;;;30644;1;30645.0;31.0;;;30641.5;0.0
-1;45000;PICNIC_BASKET2;30640.0;2.0;30639.0;47.0;;;30645;20;30646.0;29.0;;;30642.5;0.0
-1;45100;PICNIC_BASKET2;30644.0;1.0;30643.0;31.0;;;30649;11;30650.0;21.0;;;30646.5;0.0
-1;45200;PICNIC_BASKET2;30643.0;11.0;30642.0;27.0;;;30649;38;;;;;30645.5;0.0
-1;45300;PICNIC_BASKET2;30642.0;30.0;;;;;30649;30;;;;;30645.5;0.0
-1;45400;PICNIC_BASKET2;30640.0;15.0;30639.0;26.0;;;30645;2;30646.0;39.0;;;30642.5;0.0
-1;45500;PICNIC_BASKET2;30641.0;40.0;;;;;30647;19;30648.0;21.0;;;30644.5;0.0
-1;45600;PICNIC_BASKET2;30640.0;44.0;;;;;30647;44;;;;;30643.5;0.0
-1;45700;PICNIC_BASKET2;30637.0;13.0;30636.0;29.0;;;30643;42;;;;;30639.5;0.0
-1;45800;PICNIC_BASKET2;30641.0;1.0;30640.0;42.0;;;30646;15;30647.0;28.0;;;30643.5;0.0
-1;45900;PICNIC_BASKET2;30643.0;13.0;30642.0;22.0;;;30648;1;30649.0;34.0;;;30645.5;0.0
-1;46000;PICNIC_BASKET2;30640.0;2.0;30639.0;37.0;;;30645;17;30646.0;22.0;;;30642.5;0.0
-1;46100;PICNIC_BASKET2;30642.0;2.0;30641.0;47.0;;;30647;2;30648.0;47.0;;;30644.5;0.0
-1;46200;PICNIC_BASKET2;30644.0;19.0;30643.0;16.0;;;30650;35;;;;;30647.0;0.0
-1;46300;PICNIC_BASKET2;30641.0;14.0;30640.0;30.0;;;30647;14;30648.0;30.0;;;30644.0;0.0
-1;46400;PICNIC_BASKET2;30637.0;5.0;30636.0;28.0;;;30643;11;30644.0;28.0;;;30640.0;0.0
-1;46500;PICNIC_BASKET2;30647.0;4.0;30645.0;1.0;30644.0;26.0;30650;11;30651.0;16.0;;;30647.5;0.0
-1;46600;PICNIC_BASKET2;30649.0;1.0;30648.0;39.0;;;30654;21;30655.0;19.0;;;30651.0;0.0
-1;46700;PICNIC_BASKET2;30651.0;20.0;30650.0;19.0;;;30657;39;;;;;30654.0;0.0
-1;46800;PICNIC_BASKET2;30651.0;20.0;30650.0;15.0;;;30656;1;30657.0;34.0;;;30654.0;0.0
-1;46900;PICNIC_BASKET2;30650.0;2.0;30649.0;40.0;;;30655;20;30656.0;22.0;;;30652.5;0.0
-1;47000;PICNIC_BASKET2;30649.0;1.0;30648.0;39.0;;;30654;1;30655.0;39.0;;;30651.5;0.0
-1;47100;PICNIC_BASKET2;30652.0;41.0;;;;;30658;19;30659.0;22.0;;;30655.5;0.0
-1;47200;PICNIC_BASKET2;30647.0;17.0;30646.0;26.0;;;30653;17;30654.0;26.0;;;30650.0;0.0
-1;47300;PICNIC_BASKET2;30649.0;34.0;;;;;30655;12;30656.0;22.0;;;30652.5;0.0
-1;47400;PICNIC_BASKET2;30651.0;13.0;30650.0;19.0;;;30657;32;;;;;30653.5;0.0
-1;47500;PICNIC_BASKET2;30650.0;30.0;;;;;30657;30;;;;;30653.5;0.0
-1;47600;PICNIC_BASKET2;30650.0;1.0;30649.0;50.0;;;30655;1;30656.0;50.0;;;30652.5;0.0
-1;47700;PICNIC_BASKET2;30651.0;1.0;30650.0;28.0;;;30656;1;30657.0;28.0;;;30653.5;0.0
-1;47800;PICNIC_BASKET2;30651.0;1.0;30650.0;26.0;;;30656;1;30657.0;26.0;;;30653.5;0.0
-1;47900;PICNIC_BASKET2;30646.0;40.0;;;;;30653;40;;;;;30649.5;0.0
-1;48000;PICNIC_BASKET2;30646.0;42.0;;;;;30653;42;;;;;30649.5;0.0
-1;48100;PICNIC_BASKET2;30646.0;13.0;30645.0;27.0;;;30652;40;;;;;30648.5;0.0
-1;48200;PICNIC_BASKET2;30647.0;15.0;30646.0;15.0;;;30653;30;;;;;30650.0;0.0
-1;48300;PICNIC_BASKET2;30645.0;14.0;30644.0;18.0;;;30650;1;30651.0;31.0;;;30647.5;0.0
-1;48400;PICNIC_BASKET2;30644.0;33.0;;;;;30650;17;30651.0;16.0;;;30647.0;0.0
-1;48500;PICNIC_BASKET2;30645.0;30.0;;;;;30652;30;;;;;30648.5;0.0
-1;48600;PICNIC_BASKET2;30647.0;21.0;30646.0;15.0;;;30652;1;30653.0;35.0;;;30650.0;0.0
-1;48700;PICNIC_BASKET2;30646.0;1.0;30645.0;42.0;;;30651;14;30652.0;29.0;;;30648.5;0.0
-1;48800;PICNIC_BASKET2;30648.0;1.0;30647.0;42.0;;;30653;18;30654.0;25.0;;;30650.5;0.0
-1;48900;PICNIC_BASKET2;30653.0;18.0;30652.0;19.0;;;30659;37;;;;;30655.5;0.0
-1;49000;PICNIC_BASKET2;30652.0;22.0;30651.0;30.0;;;30658;22;30659.0;30.0;;;30655.0;0.0
-1;49100;PICNIC_BASKET2;30654.0;22.0;30653.0;30.0;;;30659;2;30660.0;50.0;;;30656.5;0.0
-1;49200;PICNIC_BASKET2;30655.0;1.0;30654.0;36.0;;;30660;15;30661.0;22.0;;;30657.5;0.0
-1;49300;PICNIC_BASKET2;30651.0;20.0;30650.0;26.0;;;30657;20;30658.0;26.0;;;30654.0;0.0
-1;49400;PICNIC_BASKET2;30654.0;34.0;;;;;30660;12;30661.0;22.0;;;30657.5;0.0
-1;49500;PICNIC_BASKET2;30650.0;2.0;30649.0;43.0;;;30655;2;30656.0;43.0;;;30652.5;0.0
-1;49600;PICNIC_BASKET2;30644.0;12.0;30643.0;26.0;;;30650;12;30651.0;26.0;;;30647.0;0.0
-1;49700;PICNIC_BASKET2;30659.0;13.0;30658.0;20.0;;;30664;2;30665.0;31.0;;;30661.5;0.0
-1;49800;PICNIC_BASKET2;30661.0;21.0;30660.0;29.0;;;30666;2;30667.0;48.0;;;30663.5;0.0
-1;49900;PICNIC_BASKET2;30660.0;16.0;30659.0;27.0;;;30666;16;30667.0;27.0;;;30663.0;0.0
-1;50000;PICNIC_BASKET2;30661.0;1.0;30660.0;33.0;;;30666;1;30667.0;33.0;;;30663.5;0.0
-1;50100;PICNIC_BASKET2;30660.0;38.0;;;;;30667;38;;;;;30663.5;0.0
-1;50200;PICNIC_BASKET2;30657.0;46.0;;;;;30663;20;30664.0;26.0;;;30660.5;0.0
-1;50300;PICNIC_BASKET2;30661.0;18.0;30660.0;19.0;;;30667;37;;;;;30663.5;0.0
-1;50400;PICNIC_BASKET2;30661.0;1.0;30660.0;35.0;;;30663;1;30666.0;11.0;30667.0;25.0;30663.5;0.0
-1;50500;PICNIC_BASKET2;30659.0;40.0;;;;;30665;17;30666.0;23.0;;;30662.5;0.0
-1;50600;PICNIC_BASKET2;30659.0;2.0;30658.0;36.0;;;30664;2;30665.0;36.0;;;30661.5;0.0
-1;50700;PICNIC_BASKET2;30659.0;14.0;30658.0;16.0;;;30664;2;30665.0;28.0;;;30661.5;0.0
-1;50800;PICNIC_BASKET2;30659.0;36.0;;;;;30665;17;30666.0;19.0;;;30662.5;0.0
-1;50900;PICNIC_BASKET2;30661.0;1.0;30660.0;40.0;;;30666;11;30667.0;30.0;;;30663.5;0.0
-1;51000;PICNIC_BASKET2;30663.0;13.0;30662.0;20.0;;;30668;2;30669.0;31.0;;;30665.5;0.0
-1;51100;PICNIC_BASKET2;30664.0;2.0;30662.0;21.0;30661.0;17.0;30667;1;30668.0;37.0;;;30665.0;0.0
-1;51200;PICNIC_BASKET2;30655.0;2.0;30654.0;38.0;;;30660;2;30661.0;38.0;;;30657.5;0.0
-1;51300;PICNIC_BASKET2;30657.0;1.0;30656.0;46.0;;;30662;1;30663.0;46.0;;;30659.5;0.0
-1;51400;PICNIC_BASKET2;30655.0;13.0;30654.0;26.0;;;30661;39;;;;;30657.5;0.0
-1;51500;PICNIC_BASKET2;30652.0;13.0;30651.0;24.0;;;30658;37;;;;;30654.5;0.0
-1;51600;PICNIC_BASKET2;30648.0;31.0;;;;;30654;16;30655.0;15.0;;;30651.0;0.0
-1;51700;PICNIC_BASKET2;30646.0;11.0;30645.0;24.0;;;30652;43;;;;;30648.5;0.0
-1;51800;PICNIC_BASKET2;30646.0;16.0;30645.0;17.0;;;30651;1;30652.0;32.0;;;30648.5;0.0
-1;51900;PICNIC_BASKET2;30643.0;18.0;30642.0;17.0;;;30649;35;;;;;30646.0;0.0
-1;52000;PICNIC_BASKET2;30642.0;15.0;30641.0;15.0;;;30648;15;30649.0;15.0;;;30645.0;0.0
-1;52100;PICNIC_BASKET2;30645.0;16.0;30644.0;18.0;;;30647;2;30651.0;34.0;;;30647.5;0.0
-1;52200;PICNIC_BASKET2;30646.0;2.0;30645.0;30.0;;;30651;2;30652.0;30.0;;;30648.5;0.0
-1;52300;PICNIC_BASKET2;30644.0;31.0;;;;;30650;12;30651.0;19.0;;;30647.5;0.0
-1;52400;PICNIC_BASKET2;30646.0;6.0;30644.0;19.0;30643.0;25.0;30649;1;30650.0;43.0;;;30646.5;0.0
-1;52500;PICNIC_BASKET2;30645.0;18.0;30644.0;28.0;;;30650;1;30651.0;45.0;;;30647.5;0.0
-1;52600;PICNIC_BASKET2;30647.0;21.0;30646.0;20.0;;;30652;1;30653.0;40.0;;;30650.0;0.0
-1;52700;PICNIC_BASKET2;30647.0;2.0;30646.0;30.0;;;30652;12;30653.0;20.0;;;30649.5;0.0
-1;52800;PICNIC_BASKET2;30648.0;37.0;;;;;30655;37;;;;;30651.5;0.0
-1;52900;PICNIC_BASKET2;30645.0;33.0;;;;;30651;14;30652.0;19.0;;;30648.5;0.0
-1;53000;PICNIC_BASKET2;30646.0;1.0;30645.0;39.0;;;30651;21;30652.0;19.0;;;30648.0;0.0
-1;53100;PICNIC_BASKET2;30642.0;2.0;30639.0;38.0;;;30645;20;30646.0;18.0;;;30642.0;0.0
-1;53200;PICNIC_BASKET2;30638.0;16.0;30637.0;22.0;;;30640;4;30643.0;1.0;30644.0;37.0;30640.5;0.0
-1;53300;PICNIC_BASKET2;30638.0;3.0;30635.0;32.0;;;30641;15;30642.0;17.0;;;30638.5;0.0
-1;53400;PICNIC_BASKET2;30636.0;19.0;30635.0;18.0;;;30642;19;30643.0;18.0;;;30639.0;0.0
-1;53500;PICNIC_BASKET2;30638.0;2.0;30637.0;26.0;;;30643;2;30644.0;26.0;;;30640.5;0.0
-1;53600;PICNIC_BASKET2;30636.0;14.0;30635.0;17.0;;;30642;31;;;;;30638.5;0.0
-1;53700;PICNIC_BASKET2;30640.0;37.0;;;;;30647;37;;;;;30643.5;0.0
-1;53800;PICNIC_BASKET2;30640.0;16.0;30639.0;23.0;;;30646;16;30647.0;23.0;;;30643.0;0.0
-1;53900;PICNIC_BASKET2;30641.0;16.0;30640.0;30.0;;;30646;2;30647.0;44.0;;;30643.5;0.0
-1;54000;PICNIC_BASKET2;30636.0;13.0;30635.0;30.0;;;30641;1;30642.0;42.0;;;30638.5;0.0
-1;54100;PICNIC_BASKET2;30636.0;20.0;30635.0;21.0;;;30641;2;30642.0;39.0;;;30638.5;0.0
-1;54200;PICNIC_BASKET2;30638.0;38.0;;;;;30644;18;30645.0;20.0;;;30641.5;0.0
-1;54300;PICNIC_BASKET2;30642.0;15.0;30641.0;29.0;;;30648;15;30649.0;29.0;;;30645.0;0.0
-1;54400;PICNIC_BASKET2;30646.0;11.0;30645.0;29.0;;;30652;40;;;;;30648.5;0.0
-1;54500;PICNIC_BASKET2;30644.0;17.0;30643.0;27.0;;;30649;1;30650.0;43.0;;;30646.5;0.0
-1;54600;PICNIC_BASKET2;30641.0;37.0;;;;;30647;16;30648.0;21.0;;;30644.5;0.0
-1;54700;PICNIC_BASKET2;30645.0;3.0;30643.0;2.0;30642.0;29.0;30648;14;30649.0;17.0;;;30645.5;0.0
-1;54800;PICNIC_BASKET2;30641.0;47.0;;;;;30647;17;30648.0;30.0;;;30644.5;0.0
-1;54900;PICNIC_BASKET2;30645.0;1.0;30644.0;33.0;;;30650;1;30651.0;33.0;;;30647.5;0.0
-1;55000;PICNIC_BASKET2;30646.0;2.0;30645.0;38.0;;;30648;4;30651.0;2.0;30652.0;38.0;30648.5;0.0
-1;55100;PICNIC_BASKET2;30649.0;6.0;30646.0;16.0;30645.0;24.0;30652;16;30653.0;24.0;;;30649.0;0.0
-1;55200;PICNIC_BASKET2;30646.0;21.0;30645.0;19.0;;;30652;40;;;;;30649.0;0.0
-1;55300;PICNIC_BASKET2;30648.0;37.0;;;;;30654;18;30655.0;19.0;;;30651.5;0.0
-1;55400;PICNIC_BASKET2;30653.0;1.0;30652.0;36.0;;;30658;1;30659.0;36.0;;;30655.5;0.0
-1;55500;PICNIC_BASKET2;30655.0;14.0;30654.0;27.0;;;30661;41;;;;;30657.5;0.0
-1;55600;PICNIC_BASKET2;30657.0;15.0;30656.0;22.0;;;30663;37;;;;;30659.5;0.0
-1;55700;PICNIC_BASKET2;30660.0;22.0;30659.0;25.0;;;30662;7;30666.0;22.0;30667.0;25.0;30663.0;0.0
-1;55800;PICNIC_BASKET2;30660.0;29.0;;;;;30666;12;30667.0;17.0;;;30663.5;0.0
-1;55900;PICNIC_BASKET2;30658.0;29.0;;;;;30659;4;30665.0;29.0;;;30661.5;0.0
-1;56000;PICNIC_BASKET2;30659.0;2.0;30658.0;44.0;;;30664;2;30665.0;44.0;;;30661.5;0.0
-1;56100;PICNIC_BASKET2;30658.0;2.0;30657.0;35.0;;;30663;2;30664.0;35.0;;;30660.5;0.0
-1;56200;PICNIC_BASKET2;30651.0;1.0;30650.0;39.0;;;30656;1;30657.0;39.0;;;30653.5;0.0
-1;56300;PICNIC_BASKET2;30656.0;2.0;30655.0;26.0;;;30661;13;30662.0;15.0;;;30658.5;0.0
-1;56400;PICNIC_BASKET2;30650.0;1.0;30649.0;44.0;;;30655;17;30656.0;28.0;;;30652.5;0.0
-1;56500;PICNIC_BASKET2;30649.0;21.0;30648.0;22.0;;;30654;2;30655.0;41.0;;;30651.5;0.0
-1;56600;PICNIC_BASKET2;30649.0;31.0;;;;;30655;12;30656.0;19.0;;;30652.5;0.0
-1;56700;PICNIC_BASKET2;30648.0;2.0;30647.0;31.0;;;30653;14;30654.0;19.0;;;30650.5;0.0
-1;56800;PICNIC_BASKET2;30650.0;2.0;30649.0;37.0;;;30655;12;30656.0;27.0;;;30652.5;0.0
-1;56900;PICNIC_BASKET2;30649.0;2.0;30648.0;43.0;;;30654;18;30655.0;27.0;;;30651.5;0.0
-1;57000;PICNIC_BASKET2;30646.0;17.0;30645.0;19.0;;;30651;1;30652.0;35.0;;;30648.5;0.0
-1;57100;PICNIC_BASKET2;30647.0;2.0;30646.0;37.0;;;30652;20;30653.0;19.0;;;30649.0;0.0
-1;57200;PICNIC_BASKET2;30646.0;13.0;30645.0;24.0;;;30651;1;30652.0;36.0;;;30648.5;0.0
-1;57300;PICNIC_BASKET2;30644.0;1.0;30643.0;36.0;;;30649;1;30650.0;36.0;;;30646.5;0.0
-1;57400;PICNIC_BASKET2;30647.0;11.0;30646.0;24.0;;;30653;35;;;;;30649.5;0.0
-1;57500;PICNIC_BASKET2;30644.0;17.0;30643.0;17.0;;;30649;2;30650.0;32.0;;;30647.0;0.0
-1;57600;PICNIC_BASKET2;30644.0;11.0;30643.0;30.0;;;30650;11;30651.0;30.0;;;30647.0;0.0
-1;57700;PICNIC_BASKET2;30642.0;16.0;30641.0;18.0;;;30648;34;;;;;30644.5;0.0
-1;57800;PICNIC_BASKET2;30645.0;17.0;30644.0;24.0;;;30651;17;30652.0;24.0;;;30648.0;0.0
-1;57900;PICNIC_BASKET2;30646.0;16.0;30645.0;20.0;;;30651;2;30652.0;34.0;;;30648.5;0.0
-1;58000;PICNIC_BASKET2;30647.0;1.0;30646.0;38.0;;;30652;17;30653.0;22.0;;;30649.5;0.0
-1;58100;PICNIC_BASKET2;30645.0;17.0;30644.0;19.0;;;30651;17;30652.0;19.0;;;30648.0;0.0
-1;58200;PICNIC_BASKET2;30644.0;12.0;30643.0;29.0;;;30649;1;30650.0;40.0;;;30646.5;0.0
-1;58300;PICNIC_BASKET2;30645.0;12.0;30644.0;26.0;;;30651;38;;;;;30647.5;0.0
-1;58400;PICNIC_BASKET2;30646.0;51.0;;;;;30652;22;30653.0;29.0;;;30649.5;0.0
-1;58500;PICNIC_BASKET2;30645.0;8.0;30642.0;20.0;30641.0;30.0;30648;20;30649.0;30.0;;;30645.0;0.0
-1;58600;PICNIC_BASKET2;30644.0;16.0;30643.0;20.0;;;30650;16;30651.0;20.0;;;30647.0;0.0
-1;58700;PICNIC_BASKET2;30644.0;13.0;30643.0;15.0;;;30649;2;30650.0;26.0;;;30646.5;0.0
-1;58800;PICNIC_BASKET2;30649.0;38.0;;;;;30655;15;30656.0;23.0;;;30652.5;0.0
-1;58900;PICNIC_BASKET2;30651.0;1.0;30650.0;42.0;;;30656;19;30657.0;24.0;;;30653.5;0.0
-1;59000;PICNIC_BASKET2;30650.0;17.0;30649.0;21.0;;;30655;2;30656.0;36.0;;;30652.5;0.0
-1;59100;PICNIC_BASKET2;30647.0;33.0;;;;;30650;4;30653.0;18.0;30654.0;15.0;30650.0;0.0
-1;59200;PICNIC_BASKET2;30651.0;2.0;30650.0;36.0;;;30656;19;30657.0;19.0;;;30653.0;0.0
-1;59300;PICNIC_BASKET2;30654.0;5.0;30652.0;1.0;30651.0;37.0;30657;19;30658.0;19.0;;;30654.0;0.0
-1;59400;PICNIC_BASKET2;30647.0;37.0;;;;;30653;18;30654.0;19.0;;;30650.5;0.0
-1;59500;PICNIC_BASKET2;30647.0;12.0;30646.0;25.0;;;30653;12;30654.0;25.0;;;30650.0;0.0
-1;59600;PICNIC_BASKET2;30646.0;15.0;30645.0;15.0;;;30652;30;;;;;30649.0;0.0
-1;59700;PICNIC_BASKET2;30646.0;27.0;;;;;30653;27;;;;;30649.5;0.0
-1;59800;PICNIC_BASKET2;30651.0;12.0;30650.0;21.0;;;30657;12;30658.0;21.0;;;30654.0;0.0
-1;59900;PICNIC_BASKET2;30649.0;1.0;30648.0;32.0;;;30654;11;30655.0;22.0;;;30651.5;0.0
-1;60000;PICNIC_BASKET2;30649.0;50.0;;;;;30656;50;;;;;30652.5;0.0
-1;60100;PICNIC_BASKET2;30650.0;2.0;30649.0;48.0;;;30655;21;30656.0;29.0;;;30652.5;0.0
-1;60200;PICNIC_BASKET2;30647.0;34.0;;;;;30653;13;30654.0;21.0;;;30650.5;0.0
-1;60300;PICNIC_BASKET2;30645.0;1.0;30644.0;37.0;;;30650;1;30651.0;37.0;;;30647.5;0.0
-1;60400;PICNIC_BASKET2;30647.0;12.0;30646.0;24.0;;;30653;12;30654.0;24.0;;;30650.0;0.0
-1;60500;PICNIC_BASKET2;30647.0;19.0;30646.0;21.0;;;30653;19;30654.0;21.0;;;30650.0;0.0
-1;60600;PICNIC_BASKET2;30647.0;37.0;;;;;30653;15;30654.0;22.0;;;30650.5;0.0
-1;60700;PICNIC_BASKET2;30646.0;18.0;30645.0;23.0;;;30652;41;;;;;30648.5;0.0
-1;60800;PICNIC_BASKET2;30643.0;31.0;;;;;30649;13;30650.0;18.0;;;30646.5;0.0
-1;60900;PICNIC_BASKET2;30645.0;12.0;30644.0;25.0;;;30651;37;;;;;30647.5;0.0
-1;61000;PICNIC_BASKET2;30649.0;3.0;30646.0;39.0;;;30652;11;30653.0;28.0;;;30649.5;0.0
-1;61100;PICNIC_BASKET2;30647.0;37.0;;;;;30653;13;30654.0;24.0;;;30650.5;0.0
-1;61200;PICNIC_BASKET2;30645.0;19.0;30644.0;30.0;;;30651;19;30652.0;30.0;;;30648.0;0.0
-1;61300;PICNIC_BASKET2;30654.0;1.0;30653.0;44.0;;;30659;1;30660.0;44.0;;;30656.5;0.0
-1;61400;PICNIC_BASKET2;30657.0;14.0;30656.0;23.0;;;30663;14;30664.0;23.0;;;30660.0;0.0
-1;61500;PICNIC_BASKET2;30658.0;30.0;;;;;30664;15;30665.0;15.0;;;30661.0;0.0
-1;61600;PICNIC_BASKET2;30659.0;2.0;30658.0;33.0;;;30664;2;30665.0;33.0;;;30661.5;0.0
-1;61700;PICNIC_BASKET2;30657.0;15.0;30656.0;26.0;;;30663;15;30664.0;26.0;;;30660.0;0.0
-1;61800;PICNIC_BASKET2;30657.0;26.0;;;;;30663;10;30664.0;16.0;;;30660.5;0.0
-1;61900;PICNIC_BASKET2;30658.0;16.0;30657.0;24.0;;;30664;40;;;;;30660.5;0.0
-1;62000;PICNIC_BASKET2;30659.0;34.0;;;;;30665;16;30666.0;18.0;;;30662.5;0.0
-1;62100;PICNIC_BASKET2;30661.0;19.0;30660.0;18.0;;;30667;37;;;;;30664.0;0.0
-1;62200;PICNIC_BASKET2;30667.0;19.0;30666.0;25.0;;;30673;44;;;;;30669.5;0.0
-1;62300;PICNIC_BASKET2;30662.0;32.0;;;;;30668;16;30669.0;16.0;;;30665.0;0.0
-1;62400;PICNIC_BASKET2;30665.0;33.0;;;;;30671;17;30672.0;16.0;;;30668.0;0.0
-1;62500;PICNIC_BASKET2;30668.0;1.0;30667.0;34.0;;;30670;7;30673.0;14.0;30674.0;21.0;30670.5;0.0
-1;62600;PICNIC_BASKET2;30669.0;18.0;30668.0;30.0;;;30675;48;;;;;30671.5;0.0
-1;62700;PICNIC_BASKET2;30671.0;2.0;30670.0;39.0;;;30676;15;30677.0;26.0;;;30673.5;0.0
-1;62800;PICNIC_BASKET2;30674.0;39.0;;;;;30681;39;;;;;30677.5;0.0
-1;62900;PICNIC_BASKET2;30680.0;2.0;30679.0;31.0;;;30685;12;30686.0;21.0;;;30682.5;0.0
-1;63000;PICNIC_BASKET2;30681.0;10.0;30680.0;17.0;;;30687;10;30688.0;17.0;;;30684.0;0.0
-1;63100;PICNIC_BASKET2;30682.0;2.0;30681.0;27.0;;;30687;2;30688.0;27.0;;;30684.5;0.0
-1;63200;PICNIC_BASKET2;30678.0;18.0;30677.0;20.0;;;30684;38;;;;;30680.5;0.0
-1;63300;PICNIC_BASKET2;30679.0;2.0;30678.0;32.0;;;30684;13;30685.0;21.0;;;30681.5;0.0
-1;63400;PICNIC_BASKET2;30679.0;2.0;30678.0;36.0;;;30684;2;30685.0;36.0;;;30681.5;0.0
-1;63500;PICNIC_BASKET2;30681.0;34.0;;;;;30687;12;30688.0;22.0;;;30684.5;0.0
-1;63600;PICNIC_BASKET2;30682.0;18.0;30681.0;24.0;;;30688;42;;;;;30684.5;0.0
-1;63700;PICNIC_BASKET2;30679.0;13.0;30678.0;15.0;;;30685;13;30686.0;15.0;;;30682.0;0.0
-1;63800;PICNIC_BASKET2;30681.0;13.0;30680.0;25.0;;;30687;13;30688.0;25.0;;;30684.0;0.0
-1;63900;PICNIC_BASKET2;30684.0;32.0;;;;;30690;11;30691.0;21.0;;;30687.5;0.0
-1;64000;PICNIC_BASKET2;30687.0;37.0;;;;;30694;37;;;;;30690.5;0.0
-1;64100;PICNIC_BASKET2;30688.0;44.0;;;;;30691;8;30694.0;20.0;30695.0;24.0;30691.5;0.0
-1;64200;PICNIC_BASKET2;30689.0;14.0;30688.0;24.0;;;30694;1;30695.0;37.0;;;30691.5;0.0
-1;64300;PICNIC_BASKET2;30691.0;1.0;30690.0;35.0;;;30696;13;30697.0;23.0;;;30693.5;0.0
-1;64400;PICNIC_BASKET2;30689.0;18.0;30688.0;16.0;;;30694;2;30695.0;32.0;;;30692.0;0.0
-1;64500;PICNIC_BASKET2;30688.0;2.0;30687.0;36.0;;;30693;2;30694.0;36.0;;;30690.5;0.0
-1;64600;PICNIC_BASKET2;30689.0;40.0;;;;;30696;40;;;;;30692.5;0.0
-1;64700;PICNIC_BASKET2;30692.0;11.0;30691.0;15.0;;;30698;26;;;;;30694.5;0.0
-1;64800;PICNIC_BASKET2;30689.0;17.0;30688.0;18.0;;;30695;17;30696.0;18.0;;;30692.0;0.0
-1;64900;PICNIC_BASKET2;30690.0;2.0;30689.0;29.0;;;30695;2;30696.0;29.0;;;30692.5;0.0
-1;65000;PICNIC_BASKET2;30685.0;34.0;;;;;30692;34;;;;;30688.5;0.0
-1;65100;PICNIC_BASKET2;30685.0;2.0;30684.0;41.0;;;30690;2;30691.0;41.0;;;30687.5;0.0
-1;65200;PICNIC_BASKET2;30684.0;15.0;30683.0;16.0;;;30690;31;;;;;30686.5;0.0
-1;65300;PICNIC_BASKET2;30688.0;4.0;30685.0;41.0;;;30691;11;30692.0;30.0;;;30688.5;0.0
-1;65400;PICNIC_BASKET2;30685.0;2.0;30684.0;36.0;;;30690;19;30691.0;19.0;;;30687.0;0.0
-1;65500;PICNIC_BASKET2;30687.0;2.0;30686.0;50.0;;;30692;22;30693.0;30.0;;;30689.5;0.0
-1;65600;PICNIC_BASKET2;30687.0;40.0;;;;;30693;11;30694.0;29.0;;;30690.5;0.0
-1;65700;PICNIC_BASKET2;30687.0;37.0;;;;;30694;37;;;;;30690.5;0.0
-1;65800;PICNIC_BASKET2;30686.0;33.0;;;;;30689;2;30692.0;12.0;30693.0;21.0;30689.5;0.0
-1;65900;PICNIC_BASKET2;30684.0;1.0;30683.0;45.0;;;30689;21;30690.0;25.0;;;30686.5;0.0
-1;66000;PICNIC_BASKET2;30685.0;2.0;30684.0;47.0;;;30690;21;30691.0;28.0;;;30687.5;0.0
-1;66100;PICNIC_BASKET2;30683.0;1.0;30682.0;31.0;;;30688;1;30689.0;31.0;;;30685.5;0.0
-1;66200;PICNIC_BASKET2;30683.0;42.0;;;;;30689;12;30690.0;30.0;;;30686.5;0.0
-1;66300;PICNIC_BASKET2;30681.0;18.0;30680.0;24.0;;;30686;1;30687.0;41.0;;;30683.5;0.0
-1;66400;PICNIC_BASKET2;30679.0;10.0;30678.0;19.0;;;30685;10;30686.0;19.0;;;30682.0;0.0
-1;66500;PICNIC_BASKET2;30683.0;2.0;30682.0;37.0;;;30688;13;30689.0;26.0;;;30685.5;0.0
-1;66600;PICNIC_BASKET2;30684.0;13.0;30683.0;27.0;;;30690;40;;;;;30686.5;0.0
-1;66700;PICNIC_BASKET2;30686.0;38.0;;;;;30693;38;;;;;30689.5;0.0
-1;66800;PICNIC_BASKET2;30685.0;4.0;30682.0;47.0;;;30688;17;30689.0;30.0;;;30685.5;0.0
-1;66900;PICNIC_BASKET2;30682.0;14.0;30681.0;16.0;;;30688;30;;;;;30684.5;0.0
-1;67000;PICNIC_BASKET2;30684.0;15.0;30683.0;22.0;;;30690;15;30691.0;22.0;;;30687.0;0.0
-1;67100;PICNIC_BASKET2;30687.0;35.0;;;;;30693;14;30694.0;21.0;;;30690.5;0.0
-1;67200;PICNIC_BASKET2;30688.0;2.0;30687.0;36.0;;;30693;2;30694.0;36.0;;;30690.5;0.0
-1;67300;PICNIC_BASKET2;30684.0;32.0;;;;;30691;32;;;;;30687.5;0.0
-1;67400;PICNIC_BASKET2;30680.0;21.0;30679.0;20.0;;;30685;1;30686.0;40.0;;;30683.0;0.0
-1;67500;PICNIC_BASKET2;30681.0;13.0;30680.0;24.0;;;30687;37;;;;;30683.5;0.0
-1;67600;PICNIC_BASKET2;30683.0;20.0;30682.0;18.0;;;30689;20;30690.0;18.0;;;30686.0;0.0
-1;67700;PICNIC_BASKET2;30682.0;1.0;30681.0;26.0;;;30687;1;30688.0;26.0;;;30684.5;0.0
-1;67800;PICNIC_BASKET2;30683.0;37.0;;;;;30690;37;;;;;30686.5;0.0
-1;67900;PICNIC_BASKET2;30684.0;31.0;;;;;30687;4;30690.0;13.0;30691.0;18.0;30687.5;0.0
-1;68000;PICNIC_BASKET2;30689.0;19.0;30688.0;29.0;;;30694;2;30695.0;46.0;;;30691.5;0.0
-1;68100;PICNIC_BASKET2;30690.0;19.0;30689.0;22.0;;;30695;2;30696.0;39.0;;;30692.5;0.0
-1;68200;PICNIC_BASKET2;30693.0;15.0;30692.0;23.0;;;30698;2;30699.0;36.0;;;30695.5;0.0
-1;68300;PICNIC_BASKET2;30692.0;12.0;30691.0;21.0;;;30697;1;30698.0;32.0;;;30694.5;0.0
-1;68400;PICNIC_BASKET2;30691.0;19.0;30690.0;25.0;;;30696;2;30697.0;42.0;;;30693.5;0.0
-1;68500;PICNIC_BASKET2;30693.0;41.0;;;;;30699;20;30700.0;21.0;;;30696.5;0.0
-1;68600;PICNIC_BASKET2;30693.0;15.0;30692.0;30.0;;;30699;15;30700.0;30.0;;;30696.0;0.0
-1;68700;PICNIC_BASKET2;30696.0;14.0;30695.0;18.0;;;30702;14;30703.0;18.0;;;30699.0;0.0
-1;68800;PICNIC_BASKET2;30696.0;15.0;30695.0;18.0;;;30702;33;;;;;30698.5;0.0
-1;68900;PICNIC_BASKET2;30700.0;1.0;30699.0;39.0;;;30705;21;30706.0;19.0;;;30702.0;0.0
-1;69000;PICNIC_BASKET2;30705.0;2.0;30704.0;34.0;;;30710;19;30711.0;17.0;;;30707.0;0.0
-1;69100;PICNIC_BASKET2;30705.0;1.0;30704.0;42.0;;;30710;1;30711.0;42.0;;;30707.5;0.0
-1;69200;PICNIC_BASKET2;30701.0;2.0;30700.0;35.0;;;30706;2;30707.0;35.0;;;30703.5;0.0
-1;69300;PICNIC_BASKET2;30696.0;33.0;;;;;30703;33;;;;;30699.5;0.0
-1;69400;PICNIC_BASKET2;30697.0;1.0;30696.0;37.0;;;30702;1;30703.0;37.0;;;30699.5;0.0
-1;69500;PICNIC_BASKET2;30700.0;2.0;30699.0;35.0;;;30702;7;30705.0;13.0;30706.0;24.0;30702.5;0.0
-1;69600;PICNIC_BASKET2;30698.0;18.0;30697.0;20.0;;;30704;38;;;;;30700.5;0.0
-1;69700;PICNIC_BASKET2;30696.0;33.0;;;;;30702;12;30703.0;21.0;;;30699.5;0.0
-1;69800;PICNIC_BASKET2;30695.0;1.0;30694.0;28.0;;;30700;1;30701.0;28.0;;;30697.5;0.0
-1;69900;PICNIC_BASKET2;30694.0;2.0;30693.0;44.0;;;30699;2;30700.0;44.0;;;30696.5;0.0
-1;70000;PICNIC_BASKET2;30691.0;18.0;30690.0;20.0;;;30693;8;30696.0;2.0;30697.0;36.0;30693.5;0.0
-1;70100;PICNIC_BASKET2;30692.0;16.0;30691.0;15.0;;;30697;2;30698.0;29.0;;;30695.0;0.0
-1;70200;PICNIC_BASKET2;30694.0;20.0;30693.0;23.0;;;30699;1;30700.0;42.0;;;30696.5;0.0
-1;70300;PICNIC_BASKET2;30698.0;11.0;30697.0;30.0;;;30703;1;30704.0;40.0;;;30700.5;0.0
-1;70400;PICNIC_BASKET2;30701.0;35.0;;;;;30707;13;30708.0;22.0;;;30704.5;0.0
-1;70500;PICNIC_BASKET2;30702.0;11.0;30701.0;27.0;;;30708;38;;;;;30704.5;0.0
-1;70600;PICNIC_BASKET2;30701.0;34.0;;;;;30707;12;30708.0;24.0;;;30704.5;0.0
-1;70700;PICNIC_BASKET2;30702.0;29.0;;;;;30708;10;30709.0;19.0;;;30705.5;0.0
-1;70800;PICNIC_BASKET2;30701.0;41.0;;;;;30707;12;30708.0;29.0;;;30704.5;0.0
-1;70900;PICNIC_BASKET2;30699.0;16.0;30698.0;16.0;;;30705;32;;;;;30702.0;0.0
-1;71000;PICNIC_BASKET2;30700.0;21.0;30699.0;21.0;;;30705;1;30706.0;41.0;;;30703.0;0.0
-1;71100;PICNIC_BASKET2;30700.0;1.0;30699.0;30.0;;;30705;1;30706.0;30.0;;;30702.5;0.0
-1;71200;PICNIC_BASKET2;30700.0;1.0;30699.0;45.0;;;30705;16;30706.0;30.0;;;30702.5;0.0
-1;71300;PICNIC_BASKET2;30699.0;2.0;30698.0;40.0;;;30704;19;30705.0;23.0;;;30701.5;0.0
-1;71400;PICNIC_BASKET2;30701.0;2.0;30700.0;30.0;;;30706;14;30707.0;18.0;;;30703.5;0.0
-1;71500;PICNIC_BASKET2;30708.0;1.0;30705.0;42.0;;;30711;16;30712.0;26.0;;;30708.5;0.0
-1;71600;PICNIC_BASKET2;30706.0;1.0;30705.0;37.0;;;30711;1;30712.0;37.0;;;30708.5;0.0
-1;71700;PICNIC_BASKET2;30708.0;2.0;30707.0;48.0;;;30713;20;30714.0;30.0;;;30710.5;0.0
-1;71800;PICNIC_BASKET2;30707.0;18.0;30706.0;15.0;;;30712;2;30713.0;31.0;;;30710.0;0.0
-1;71900;PICNIC_BASKET2;30705.0;1.0;30704.0;31.0;;;30710;1;30711.0;31.0;;;30707.5;0.0
-1;72000;PICNIC_BASKET2;30704.0;15.0;30703.0;23.0;;;30709;1;30710.0;37.0;;;30706.5;0.0
-1;72100;PICNIC_BASKET2;30701.0;16.0;30700.0;15.0;;;30707;31;;;;;30704.0;0.0
-1;72200;PICNIC_BASKET2;30700.0;17.0;30699.0;24.0;;;30706;17;30707.0;24.0;;;30703.0;0.0
-1;72300;PICNIC_BASKET2;30696.0;14.0;30695.0;17.0;;;30702;31;;;;;30698.5;0.0
-1;72400;PICNIC_BASKET2;30697.0;2.0;30696.0;43.0;;;30702;16;30703.0;29.0;;;30699.5;0.0
-1;72500;PICNIC_BASKET2;30701.0;14.0;30700.0;17.0;;;30707;14;30708.0;17.0;;;30704.0;0.0
-1;72600;PICNIC_BASKET2;30700.0;2.0;30699.0;37.0;;;30705;2;30706.0;37.0;;;30702.5;0.0
-1;72700;PICNIC_BASKET2;30701.0;39.0;;;;;30707;17;30708.0;22.0;;;30704.5;0.0
-1;72800;PICNIC_BASKET2;30705.0;30.0;;;;;30711;15;30712.0;15.0;;;30708.0;0.0
-1;72900;PICNIC_BASKET2;30707.0;2.0;30706.0;44.0;;;30712;16;30713.0;30.0;;;30709.5;0.0
-1;73000;PICNIC_BASKET2;30705.0;19.0;30704.0;27.0;;;30711;46;;;;;30707.5;0.0
-1;73100;PICNIC_BASKET2;30705.0;2.0;30704.0;25.0;;;30710;2;30711.0;25.0;;;30707.5;0.0
-1;73200;PICNIC_BASKET2;30708.0;14.0;30707.0;16.0;;;30714;30;;;;;30710.5;0.0
-1;73300;PICNIC_BASKET2;30703.0;21.0;30702.0;21.0;;;30709;42;;;;;30706.0;0.0
-1;73400;PICNIC_BASKET2;30711.0;29.0;;;;;30718;29;;;;;30714.5;0.0
-1;73500;PICNIC_BASKET2;30713.0;19.0;30712.0;23.0;;;30715;4;30719.0;42.0;;;30715.5;0.0
-1;73600;PICNIC_BASKET2;30713.0;13.0;30712.0;26.0;;;30719;13;30720.0;26.0;;;30716.0;0.0
-1;73700;PICNIC_BASKET2;30716.0;12.0;30715.0;16.0;;;30722;28;;;;;30718.5;0.0
-1;73800;PICNIC_BASKET2;30715.0;16.0;30714.0;29.0;;;30721;45;;;;;30717.5;0.0
-1;73900;PICNIC_BASKET2;30716.0;15.0;30715.0;16.0;;;30722;31;;;;;30718.5;0.0
-1;74000;PICNIC_BASKET2;30716.0;21.0;30715.0;25.0;;;30722;21;30723.0;25.0;;;30719.0;0.0
-1;74100;PICNIC_BASKET2;30715.0;2.0;30714.0;45.0;;;30720;22;30721.0;25.0;;;30717.5;0.0
-1;74200;PICNIC_BASKET2;30716.0;14.0;30715.0;20.0;;;30721;2;30722.0;32.0;;;30718.5;0.0
-1;74300;PICNIC_BASKET2;30717.0;21.0;30716.0;18.0;;;30723;21;30724.0;18.0;;;30720.0;0.0
-1;74400;PICNIC_BASKET2;30721.0;48.0;;;;;30727;19;30728.0;29.0;;;30724.5;0.0
-1;74500;PICNIC_BASKET2;30717.0;42.0;;;;;30723;17;30724.0;25.0;;;30720.5;0.0
-1;74600;PICNIC_BASKET2;30718.0;15.0;30717.0;23.0;;;30724;38;;;;;30720.5;0.0
-1;74700;PICNIC_BASKET2;30715.0;17.0;30714.0;18.0;;;30720;2;30721.0;33.0;;;30717.5;0.0
-1;74800;PICNIC_BASKET2;30713.0;1.0;30712.0;44.0;;;30718;18;30719.0;27.0;;;30715.5;0.0
-1;74900;PICNIC_BASKET2;30714.0;13.0;30713.0;18.0;;;30720;13;30721.0;18.0;;;30717.0;0.0
-1;75000;PICNIC_BASKET2;30715.0;30.0;;;;;30721;14;30722.0;16.0;;;30718.5;0.0
-1;75100;PICNIC_BASKET2;30715.0;41.0;;;;;30721;18;30722.0;23.0;;;30718.5;0.0
-1;75200;PICNIC_BASKET2;30714.0;2.0;30713.0;37.0;;;30719;19;30720.0;20.0;;;30716.5;0.0
-1;75300;PICNIC_BASKET2;30713.0;19.0;30712.0;15.0;;;30719;34;;;;;30716.0;0.0
-1;75400;PICNIC_BASKET2;30709.0;12.0;30708.0;20.0;;;30714;1;30715.0;31.0;;;30711.5;0.0
-1;75500;PICNIC_BASKET2;30710.0;22.0;30709.0;26.0;;;30715;2;30716.0;46.0;;;30712.5;0.0
-1;75600;PICNIC_BASKET2;30711.0;2.0;30710.0;40.0;;;30713;2;30716.0;2.0;30717.0;40.0;30713.5;0.0
-1;75700;PICNIC_BASKET2;30710.0;19.0;30709.0;25.0;;;30716;44;;;;;30712.5;0.0
-1;75800;PICNIC_BASKET2;30709.0;17.0;30708.0;28.0;;;30714;1;30715.0;44.0;;;30711.5;0.0
-1;75900;PICNIC_BASKET2;30706.0;12.0;30705.0;28.0;;;30712;40;;;;;30708.5;0.0
-1;76000;PICNIC_BASKET2;30711.0;17.0;30710.0;28.0;;;30716;2;30717.0;43.0;;;30713.5;0.0
-1;76100;PICNIC_BASKET2;30712.0;1.0;30711.0;41.0;;;30717;14;30718.0;28.0;;;30714.5;0.0
-1;76200;PICNIC_BASKET2;30715.0;20.0;30714.0;20.0;;;30720;1;30721.0;39.0;;;30718.0;0.0
-1;76300;PICNIC_BASKET2;30711.0;13.0;30710.0;29.0;;;30717;42;;;;;30713.5;0.0
-1;76400;PICNIC_BASKET2;30716.0;18.0;30715.0;26.0;;;30722;44;;;;;30718.5;0.0
-1;76500;PICNIC_BASKET2;30718.0;19.0;30717.0;25.0;;;30724;19;30725.0;25.0;;;30721.0;0.0
-1;76600;PICNIC_BASKET2;30721.0;2.0;30720.0;33.0;;;30726;2;30727.0;33.0;;;30723.5;0.0
-1;76700;PICNIC_BASKET2;30725.0;1.0;30724.0;39.0;;;30730;1;30731.0;39.0;;;30727.5;0.0
-1;76800;PICNIC_BASKET2;30726.0;39.0;;;;;30732;14;30733.0;25.0;;;30729.5;0.0
-1;76900;PICNIC_BASKET2;30735.0;1.0;30733.0;16.0;30732.0;29.0;30739;45;;;;;30735.5;0.0
-1;77000;PICNIC_BASKET2;30734.0;1.0;30733.0;43.0;;;30739;1;30740.0;43.0;;;30736.5;0.0
-1;77100;PICNIC_BASKET2;30733.0;21.0;30732.0;23.0;;;30738;1;30739.0;43.0;;;30735.5;0.0
-1;77200;PICNIC_BASKET2;30729.0;21.0;30728.0;30.0;;;30735;21;30736.0;30.0;;;30732.0;0.0
-1;77300;PICNIC_BASKET2;30733.0;2.0;30731.0;14.0;30730.0;18.0;30737;32;;;;;30733.5;0.0
-1;77400;PICNIC_BASKET2;30731.0;34.0;;;;;30738;34;;;;;30734.5;0.0
-1;77500;PICNIC_BASKET2;30736.0;2.0;30735.0;44.0;;;30741;2;30742.0;44.0;;;30738.5;0.0
-1;77600;PICNIC_BASKET2;30736.0;21.0;30735.0;18.0;;;30742;39;;;;;30739.0;0.0
-1;77700;PICNIC_BASKET2;30736.0;13.0;30735.0;21.0;;;30742;34;;;;;30738.5;0.0
-1;77800;PICNIC_BASKET2;30739.0;11.0;30738.0;15.0;;;30744;1;30745.0;25.0;;;30741.5;0.0
-1;77900;PICNIC_BASKET2;30736.0;16.0;30735.0;23.0;;;30742;16;30743.0;23.0;;;30739.0;0.0
-1;78000;PICNIC_BASKET2;30736.0;34.0;;;;;30742;14;30743.0;20.0;;;30739.5;0.0
-1;78100;PICNIC_BASKET2;30731.0;16.0;30730.0;25.0;;;30737;16;30738.0;25.0;;;30734.0;0.0
-1;78200;PICNIC_BASKET2;30733.0;18.0;30732.0;24.0;;;30739;18;30740.0;24.0;;;30736.0;0.0
-1;78300;PICNIC_BASKET2;30729.0;40.0;;;;;30736;40;;;;;30732.5;0.0
-1;78400;PICNIC_BASKET2;30733.0;17.0;30732.0;16.0;;;30739;33;;;;;30736.0;0.0
-1;78500;PICNIC_BASKET2;30733.0;14.0;30732.0;27.0;;;30739;14;30740.0;27.0;;;30736.0;0.0
-1;78600;PICNIC_BASKET2;30732.0;40.0;;;;;30739;40;;;;;30735.5;0.0
-1;78700;PICNIC_BASKET2;30733.0;20.0;30732.0;17.0;;;30739;20;30740.0;17.0;;;30736.0;0.0
-1;78800;PICNIC_BASKET2;30734.0;19.0;30733.0;16.0;;;30740;19;30741.0;16.0;;;30737.0;0.0
-1;78900;PICNIC_BASKET2;30732.0;41.0;;;;;30738;20;30739.0;21.0;;;30735.5;0.0
-1;79000;PICNIC_BASKET2;30734.0;2.0;30731.0;13.0;30730.0;30.0;30737;13;30738.0;30.0;;;30734.0;0.0
-1;79100;PICNIC_BASKET2;30731.0;11.0;30730.0;17.0;;;30737;28;;;;;30733.5;0.0
-1;79200;PICNIC_BASKET2;30732.0;15.0;30731.0;19.0;;;30738;34;;;;;30734.5;0.0
-1;79300;PICNIC_BASKET2;30728.0;34.0;;;;;30734;11;30735.0;23.0;;;30731.5;0.0
-1;79400;PICNIC_BASKET2;30729.0;16.0;30728.0;20.0;;;30734;2;30735.0;34.0;;;30731.5;0.0
-1;79500;PICNIC_BASKET2;30729.0;2.0;30728.0;39.0;;;30734;14;30735.0;27.0;;;30731.5;0.0
-1;79600;PICNIC_BASKET2;30728.0;44.0;;;;;30734;16;30735.0;28.0;;;30731.5;0.0
-1;79700;PICNIC_BASKET2;30728.0;18.0;30727.0;20.0;;;30734;18;30735.0;20.0;;;30731.0;0.0
-1;79800;PICNIC_BASKET2;30729.0;42.0;;;;;30736;42;;;;;30732.5;0.0
-1;79900;PICNIC_BASKET2;30730.0;11.0;30729.0;30.0;;;30735;1;30736.0;40.0;;;30732.5;0.0
-1;80000;PICNIC_BASKET2;30730.0;18.0;30729.0;29.0;;;30735;2;30736.0;45.0;;;30732.5;0.0
-1;80100;PICNIC_BASKET2;30729.0;15.0;30728.0;25.0;;;30735;40;;;;;30731.5;0.0
-1;80200;PICNIC_BASKET2;30730.0;40.0;;;;;30736;16;30737.0;24.0;;;30733.5;0.0
-1;80300;PICNIC_BASKET2;30731.0;1.0;30730.0;28.0;;;30733;6;30736.0;1.0;30737.0;28.0;30733.5;0.0
-1;80400;PICNIC_BASKET2;30732.0;1.0;30731.0;34.0;;;30737;1;30738.0;34.0;;;30734.5;0.0
-1;80500;PICNIC_BASKET2;30736.0;35.0;;;;;30742;15;30743.0;20.0;;;30739.5;0.0
-1;80600;PICNIC_BASKET2;30740.0;16.0;30739.0;19.0;;;30746;35;;;;;30742.5;0.0
-1;80700;PICNIC_BASKET2;30748.0;15.0;30747.0;30.0;;;30754;45;;;;;30750.5;0.0
-1;80800;PICNIC_BASKET2;30752.0;1.0;30751.0;33.0;;;30757;1;30758.0;33.0;;;30754.5;0.0
-1;80900;PICNIC_BASKET2;30753.0;5.0;30751.0;10.0;30750.0;18.0;30757;10;30758.0;18.0;;;30754.0;0.0
-1;81000;PICNIC_BASKET2;30751.0;11.0;30750.0;17.0;;;30757;11;30758.0;17.0;;;30754.0;0.0
-1;81100;PICNIC_BASKET2;30748.0;1.0;30747.0;31.0;;;30753;1;30754.0;31.0;;;30750.5;0.0
-1;81200;PICNIC_BASKET2;30746.0;35.0;;;;;30753;35;;;;;30749.5;0.0
-1;81300;PICNIC_BASKET2;30745.0;39.0;;;;;30751;13;30752.0;26.0;;;30748.5;0.0
-1;81400;PICNIC_BASKET2;30745.0;15.0;30744.0;16.0;;;30748;1;30751.0;15.0;30752.0;16.0;30748.0;0.0
-1;81500;PICNIC_BASKET2;30746.0;2.0;30745.0;28.0;;;30751;13;30752.0;17.0;;;30748.5;0.0
-1;81600;PICNIC_BASKET2;30750.0;17.0;30749.0;20.0;;;30755;2;30756.0;35.0;;;30752.5;0.0
-1;81700;PICNIC_BASKET2;30753.0;18.0;30752.0;26.0;;;30758;1;30759.0;43.0;;;30755.5;0.0
-1;81800;PICNIC_BASKET2;30759.0;16.0;30758.0;25.0;;;30765;16;30766.0;25.0;;;30762.0;0.0
-1;81900;PICNIC_BASKET2;30755.0;16.0;30754.0;30.0;;;30760;1;30761.0;45.0;;;30757.5;0.0
-1;82000;PICNIC_BASKET2;30757.0;18.0;30756.0;29.0;;;30763;47;;;;;30759.5;0.0
-1;82100;PICNIC_BASKET2;30752.0;2.0;30751.0;45.0;;;30757;17;30758.0;30.0;;;30754.5;0.0
-1;82200;PICNIC_BASKET2;30751.0;17.0;30750.0;26.0;;;30754;7;30757.0;17.0;30758.0;26.0;30754.0;0.0
-1;82300;PICNIC_BASKET2;30752.0;14.0;30751.0;29.0;;;30757;2;30758.0;41.0;;;30754.5;0.0
-1;82400;PICNIC_BASKET2;30753.0;15.0;30752.0;27.0;;;30758;1;30759.0;41.0;;;30755.5;0.0
-1;82500;PICNIC_BASKET2;30747.0;2.0;30746.0;36.0;;;30752;14;30753.0;24.0;;;30749.5;0.0
-1;82600;PICNIC_BASKET2;30750.0;2.0;30749.0;29.0;;;30755;2;30756.0;29.0;;;30752.5;0.0
-1;82700;PICNIC_BASKET2;30751.0;1.0;30750.0;29.0;;;30756;1;30757.0;29.0;;;30753.5;0.0
-1;82800;PICNIC_BASKET2;30750.0;14.0;30749.0;29.0;;;30756;14;30757.0;29.0;;;30753.0;0.0
-1;82900;PICNIC_BASKET2;30758.0;5.0;30755.0;46.0;;;30761;17;30762.0;29.0;;;30758.5;0.0
-1;83000;PICNIC_BASKET2;30758.0;1.0;30757.0;38.0;;;30763;1;30764.0;38.0;;;30760.5;0.0
-1;83100;PICNIC_BASKET2;30765.0;2.0;30764.0;46.0;;;30770;2;30771.0;46.0;;;30767.5;0.0
-1;83200;PICNIC_BASKET2;30768.0;20.0;30767.0;28.0;;;30774;20;30775.0;28.0;;;30771.0;0.0
-1;83300;PICNIC_BASKET2;30764.0;1.0;30763.0;40.0;;;30769;12;30770.0;29.0;;;30766.5;0.0
-1;83400;PICNIC_BASKET2;30761.0;14.0;30760.0;30.0;;;30763;7;30767.0;44.0;;;30763.5;0.0
-1;83500;PICNIC_BASKET2;30755.0;1.0;30754.0;37.0;;;30760;19;30761.0;19.0;;;30757.0;0.0
-1;83600;PICNIC_BASKET2;30758.0;19.0;30757.0;18.0;;;30764;19;30765.0;18.0;;;30761.0;0.0
-1;83700;PICNIC_BASKET2;30756.0;20.0;30755.0;22.0;;;30762;20;30763.0;22.0;;;30759.0;0.0
-1;83800;PICNIC_BASKET2;30758.0;2.0;30757.0;35.0;;;30763;2;30764.0;35.0;;;30760.5;0.0
-1;83900;PICNIC_BASKET2;30754.0;15.0;30753.0;24.0;;;30760;39;;;;;30756.5;0.0
-1;84000;PICNIC_BASKET2;30754.0;1.0;30753.0;44.0;;;30759;1;30760.0;44.0;;;30756.5;0.0
-1;84100;PICNIC_BASKET2;30753.0;15.0;30752.0;25.0;;;30759;15;30760.0;25.0;;;30756.0;0.0
-1;84200;PICNIC_BASKET2;30754.0;2.0;30753.0;33.0;;;30759;2;30760.0;33.0;;;30756.5;0.0
-1;84300;PICNIC_BASKET2;30756.0;1.0;30754.0;13.0;30753.0;21.0;30760;34;;;;;30756.5;0.0
-1;84400;PICNIC_BASKET2;30753.0;13.0;30752.0;15.0;;;30759;28;;;;;30755.5;0.0
-1;84500;PICNIC_BASKET2;30753.0;2.0;30752.0;40.0;;;30758;2;30759.0;40.0;;;30755.5;0.0
-1;84600;PICNIC_BASKET2;30752.0;20.0;30751.0;30.0;;;30757;2;30758.0;48.0;;;30754.5;0.0
-1;84700;PICNIC_BASKET2;30752.0;1.0;30751.0;39.0;;;30757;1;30758.0;39.0;;;30754.5;0.0
-1;84800;PICNIC_BASKET2;30751.0;2.0;30750.0;43.0;;;30756;21;30757.0;24.0;;;30753.5;0.0
-1;84900;PICNIC_BASKET2;30748.0;13.0;30747.0;20.0;;;30754;33;;;;;30750.5;0.0
-1;85000;PICNIC_BASKET2;30747.0;38.0;;;;;30753;20;30754.0;18.0;;;30750.0;0.0
-1;85100;PICNIC_BASKET2;30751.0;1.0;30750.0;40.0;;;30756;16;30757.0;25.0;;;30753.5;0.0
-1;85200;PICNIC_BASKET2;30753.0;17.0;30752.0;23.0;;;30758;2;30759.0;38.0;;;30755.5;0.0
-1;85300;PICNIC_BASKET2;30755.0;16.0;30754.0;28.0;;;30760;1;30761.0;43.0;;;30757.5;0.0
-1;85400;PICNIC_BASKET2;30753.0;1.0;30752.0;43.0;;;30758;21;30759.0;23.0;;;30755.5;0.0
-1;85500;PICNIC_BASKET2;30751.0;2.0;30750.0;40.0;;;30756;18;30757.0;24.0;;;30753.5;0.0
-1;85600;PICNIC_BASKET2;30752.0;2.0;30751.0;43.0;;;30757;2;30758.0;43.0;;;30754.5;0.0
-1;85700;PICNIC_BASKET2;30751.0;1.0;30750.0;34.0;;;30756;12;30757.0;23.0;;;30753.5;0.0
-1;85800;PICNIC_BASKET2;30750.0;2.0;30748.0;1.0;30747.0;35.0;30753;1;30754.0;35.0;;;30750.5;0.0
-1;85900;PICNIC_BASKET2;30748.0;1.0;30747.0;32.0;;;30753;11;30754.0;22.0;;;30750.5;0.0
-1;86000;PICNIC_BASKET2;30748.0;19.0;30747.0;20.0;;;30753;2;30754.0;37.0;;;30750.5;0.0
-1;86100;PICNIC_BASKET2;30754.0;8.0;30752.0;1.0;30751.0;41.0;30757;1;30758.0;41.0;;;30754.5;0.0
-1;86200;PICNIC_BASKET2;30753.0;12.0;30752.0;21.0;;;30759;12;30760.0;21.0;;;30756.0;0.0
-1;86300;PICNIC_BASKET2;30750.0;14.0;30749.0;25.0;;;30756;14;30757.0;25.0;;;30753.0;0.0
-1;86400;PICNIC_BASKET2;30756.0;11.0;30755.0;15.0;;;30758;1;30761.0;1.0;30762.0;25.0;30758.5;0.0
-1;86500;PICNIC_BASKET2;30754.0;1.0;30753.0;26.0;;;30759;1;30760.0;26.0;;;30756.5;0.0
-1;86600;PICNIC_BASKET2;30753.0;30.0;;;;;30759;10;30760.0;20.0;;;30756.5;0.0
-1;86700;PICNIC_BASKET2;30752.0;34.0;;;;;30758;10;30759.0;24.0;;;30755.5;0.0
-1;86800;PICNIC_BASKET2;30752.0;1.0;30751.0;35.0;;;30757;1;30758.0;35.0;;;30754.5;0.0
-1;86900;PICNIC_BASKET2;30752.0;1.0;30751.0;28.0;;;30757;1;30758.0;28.0;;;30754.5;0.0
-1;87000;PICNIC_BASKET2;30754.0;32.0;;;;;30761;32;;;;;30757.5;0.0
-1;87100;PICNIC_BASKET2;30754.0;6.0;30752.0;13.0;30751.0;22.0;30757;1;30758.0;34.0;;;30754.5;0.0
-1;87200;PICNIC_BASKET2;30753.0;18.0;30752.0;19.0;;;30759;37;;;;;30755.5;0.0
-1;87300;PICNIC_BASKET2;30755.0;17.0;30754.0;18.0;;;30760;2;30761.0;33.0;;;30757.5;0.0
-1;87400;PICNIC_BASKET2;30758.0;2.0;30757.0;37.0;;;30763;2;30764.0;37.0;;;30760.5;0.0
-1;87500;PICNIC_BASKET2;30759.0;48.0;;;;;30765;18;30766.0;30.0;;;30762.5;0.0
-1;87600;PICNIC_BASKET2;30757.0;33.0;;;;;30763;17;30764.0;16.0;;;30760.0;0.0
-1;87700;PICNIC_BASKET2;30763.0;48.0;;;;;30769;20;30770.0;28.0;;;30766.5;0.0
-1;87800;PICNIC_BASKET2;30761.0;41.0;;;;;30767;13;30768.0;28.0;;;30764.5;0.0
-1;87900;PICNIC_BASKET2;30762.0;17.0;30761.0;15.0;;;30768;17;30769.0;15.0;;;30765.0;0.0
-1;88000;PICNIC_BASKET2;30760.0;19.0;30759.0;20.0;;;30762;8;30765.0;2.0;30766.0;37.0;30762.5;0.0
-1;88100;PICNIC_BASKET2;30760.0;2.0;30759.0;28.0;;;30765;12;30766.0;18.0;;;30762.5;0.0
-1;88200;PICNIC_BASKET2;30763.0;19.0;30762.0;16.0;;;30768;2;30769.0;33.0;;;30766.0;0.0
-1;88300;PICNIC_BASKET2;30765.0;17.0;30764.0;26.0;;;30770;1;30771.0;42.0;;;30767.5;0.0
-1;88400;PICNIC_BASKET2;30762.0;17.0;30761.0;22.0;;;30768;39;;;;;30764.5;0.0
-1;88500;PICNIC_BASKET2;30762.0;15.0;30761.0;22.0;;;30768;15;30769.0;22.0;;;30765.0;0.0
-1;88600;PICNIC_BASKET2;30760.0;49.0;;;;;30767;49;;;;;30763.5;0.0
-1;88700;PICNIC_BASKET2;30761.0;38.0;;;;;30768;38;;;;;30764.5;0.0
-1;88800;PICNIC_BASKET2;30762.0;18.0;30761.0;17.0;;;30767;2;30768.0;33.0;;;30765.0;0.0
-1;88900;PICNIC_BASKET2;30760.0;42.0;;;;;30766;15;30767.0;27.0;;;30763.5;0.0
-1;89000;PICNIC_BASKET2;30760.0;2.0;30759.0;39.0;;;30765;2;30766.0;39.0;;;30762.5;0.0
-1;89100;PICNIC_BASKET2;30756.0;32.0;;;;;30762;12;30763.0;20.0;;;30759.5;0.0
-1;89200;PICNIC_BASKET2;30756.0;7.0;30751.0;21.0;30750.0;26.0;30757;46;;;;;30753.5;0.0
-1;89300;PICNIC_BASKET2;30750.0;44.0;;;;;30756;16;30757.0;28.0;;;30753.5;0.0
-1;89400;PICNIC_BASKET2;30753.0;17.0;30752.0;18.0;;;30759;35;;;;;30755.5;0.0
-1;89500;PICNIC_BASKET2;30754.0;17.0;30753.0;16.0;;;30759;1;30760.0;32.0;;;30757.0;0.0
-1;89600;PICNIC_BASKET2;30753.0;18.0;30752.0;29.0;;;30759;18;30760.0;29.0;;;30756.0;0.0
-1;89700;PICNIC_BASKET2;30752.0;15.0;30751.0;27.0;;;30758;15;30759.0;27.0;;;30755.0;0.0
-1;89800;PICNIC_BASKET2;30745.0;33.0;;;;;30751;15;30752.0;18.0;;;30748.5;0.0
-1;89900;PICNIC_BASKET2;30744.0;37.0;;;;;30750;13;30751.0;24.0;;;30747.5;0.0
-1;90000;PICNIC_BASKET2;30745.0;15.0;30744.0;25.0;;;30751;40;;;;;30747.5;0.0
-1;90100;PICNIC_BASKET2;30744.0;1.0;30743.0;46.0;;;30749;19;30750.0;28.0;;;30746.5;0.0
-1;90200;PICNIC_BASKET2;30738.0;44.0;;;;;30744;20;30745.0;24.0;;;30741.5;0.0
-1;90300;PICNIC_BASKET2;30737.0;2.0;30736.0;43.0;;;30742;2;30743.0;43.0;;;30739.5;0.0
-1;90400;PICNIC_BASKET2;30736.0;2.0;30735.0;26.0;;;30741;13;30742.0;15.0;;;30738.5;0.0
-1;90500;PICNIC_BASKET2;30735.0;12.0;30734.0;20.0;;;30741;32;;;;;30737.5;0.0
-1;90600;PICNIC_BASKET2;30731.0;31.0;;;;;30737;11;30738.0;20.0;;;30734.5;0.0
-1;90700;PICNIC_BASKET2;30734.0;21.0;30733.0;19.0;;;30740;40;;;;;30737.0;0.0
-1;90800;PICNIC_BASKET2;30732.0;31.0;;;;;30738;10;30739.0;21.0;;;30735.5;0.0
-1;90900;PICNIC_BASKET2;30731.0;14.0;30730.0;29.0;;;30737;43;;;;;30733.5;0.0
-1;91000;PICNIC_BASKET2;30726.0;28.0;;;;;30732;10;30733.0;18.0;;;30729.5;0.0
-1;91100;PICNIC_BASKET2;30722.0;2.0;30721.0;36.0;;;30727;16;30728.0;22.0;;;30724.5;0.0
-1;91200;PICNIC_BASKET2;30725.0;36.0;;;;;30732;36;;;;;30728.5;0.0
-1;91300;PICNIC_BASKET2;30727.0;14.0;30726.0;28.0;;;30733;42;;;;;30729.5;0.0
-1;91400;PICNIC_BASKET2;30727.0;1.0;30726.0;38.0;;;30732;14;30733.0;25.0;;;30729.5;0.0
-1;91500;PICNIC_BASKET2;30726.0;18.0;30725.0;26.0;;;30732;44;;;;;30728.5;0.0
-1;91600;PICNIC_BASKET2;30723.0;13.0;30722.0;17.0;;;30729;30;;;;;30725.5;0.0
-1;91700;PICNIC_BASKET2;30723.0;2.0;30722.0;36.0;;;30728;2;30729.0;36.0;;;30725.5;0.0
-1;91800;PICNIC_BASKET2;30725.0;19.0;30724.0;20.0;;;30731;39;;;;;30727.5;0.0
-1;91900;PICNIC_BASKET2;30726.0;8.0;30724.0;22.0;30723.0;27.0;30730;49;;;;;30726.5;0.0
-1;92000;PICNIC_BASKET2;30730.0;16.0;30729.0;15.0;;;30736;31;;;;;30733.0;0.0
-1;92100;PICNIC_BASKET2;30730.0;49.0;;;;;30736;20;30737.0;29.0;;;30733.5;0.0
-1;92200;PICNIC_BASKET2;30733.0;1.0;30732.0;34.0;;;30738;1;30739.0;34.0;;;30735.5;0.0
-1;92300;PICNIC_BASKET2;30733.0;15.0;30732.0;19.0;;;30738;1;30739.0;33.0;;;30735.5;0.0
-1;92400;PICNIC_BASKET2;30736.0;16.0;30735.0;23.0;;;30738;5;30742.0;16.0;30743.0;23.0;30739.0;0.0
-1;92500;PICNIC_BASKET2;30740.0;31.0;;;;;30747;31;;;;;30743.5;0.0
-1;92600;PICNIC_BASKET2;30743.0;21.0;30742.0;26.0;;;30749;47;;;;;30745.5;0.0
-1;92700;PICNIC_BASKET2;30747.0;14.0;30746.0;24.0;;;30752;2;30753.0;36.0;;;30749.5;0.0
-1;92800;PICNIC_BASKET2;30750.0;2.0;30749.0;36.0;;;30755;2;30756.0;36.0;;;30752.5;0.0
-1;92900;PICNIC_BASKET2;30751.0;20.0;30750.0;22.0;;;30757;42;;;;;30753.5;0.0
-1;93000;PICNIC_BASKET2;30755.0;37.0;;;;;30758;5;30761.0;20.0;30762.0;17.0;30758.0;0.0
-1;93100;PICNIC_BASKET2;30757.0;7.0;30755.0;1.0;30754.0;42.0;30760;18;30761.0;25.0;;;30757.5;0.0
-1;93200;PICNIC_BASKET2;30755.0;30.0;;;;;30761;12;30762.0;18.0;;;30758.5;0.0
-1;93300;PICNIC_BASKET2;30754.0;34.0;;;;;30760;18;30761.0;16.0;;;30757.0;0.0
-1;93400;PICNIC_BASKET2;30753.0;27.0;;;;;30759;12;30760.0;15.0;;;30756.5;0.0
-1;93500;PICNIC_BASKET2;30755.0;1.0;30754.0;46.0;;;30760;1;30761.0;46.0;;;30757.5;0.0
-1;93600;PICNIC_BASKET2;30751.0;20.0;30750.0;24.0;;;30756;2;30757.0;42.0;;;30753.5;0.0
-1;93700;PICNIC_BASKET2;30752.0;2.0;30751.0;44.0;;;30757;2;30758.0;44.0;;;30754.5;0.0
-1;93800;PICNIC_BASKET2;30753.0;27.0;;;;;30759;12;30760.0;15.0;;;30756.5;0.0
-1;93900;PICNIC_BASKET2;30750.0;15.0;30749.0;28.0;;;30756;43;;;;;30752.5;0.0
-1;94000;PICNIC_BASKET2;30748.0;20.0;30747.0;20.0;;;30753;1;30754.0;39.0;;;30751.0;0.0
-1;94100;PICNIC_BASKET2;30744.0;15.0;30743.0;24.0;;;30750;39;;;;;30746.5;0.0
-1;94200;PICNIC_BASKET2;30743.0;35.0;;;;;30746;3;30750.0;35.0;;;30746.5;0.0
-1;94300;PICNIC_BASKET2;30743.0;15.0;30742.0;17.0;;;30745;8;30748.0;2.0;30749.0;30.0;30745.5;0.0
-1;94400;PICNIC_BASKET2;30741.0;39.0;;;;;30744;3;30747.0;20.0;30748.0;19.0;30744.0;0.0
-1;94500;PICNIC_BASKET2;30741.0;2.0;30740.0;45.0;;;30746;2;30747.0;45.0;;;30743.5;0.0
-1;94600;PICNIC_BASKET2;30746.0;7.0;30741.0;43.0;;;30747;20;30748.0;23.0;;;30744.5;0.0
-1;94700;PICNIC_BASKET2;30738.0;1.0;30737.0;30.0;;;30743;16;30744.0;15.0;;;30740.0;0.0
-1;94800;PICNIC_BASKET2;30735.0;1.0;30734.0;33.0;;;30740;1;30741.0;33.0;;;30737.5;0.0
-1;94900;PICNIC_BASKET2;30734.0;18.0;30733.0;16.0;;;30740;34;;;;;30737.0;0.0
-1;95000;PICNIC_BASKET2;30736.0;1.0;30735.0;41.0;;;30741;1;30742.0;41.0;;;30738.5;0.0
-1;95100;PICNIC_BASKET2;30734.0;29.0;;;;;30740;10;30741.0;19.0;;;30737.5;0.0
-1;95200;PICNIC_BASKET2;30733.0;2.0;30732.0;31.0;;;30738;2;30739.0;31.0;;;30735.5;0.0
-1;95300;PICNIC_BASKET2;30728.0;31.0;;;;;30734;11;30735.0;20.0;;;30731.5;0.0
-1;95400;PICNIC_BASKET2;30726.0;15.0;30725.0;25.0;;;30728;6;30732.0;40.0;;;30728.5;0.0
-1;95500;PICNIC_BASKET2;30727.0;2.0;30726.0;37.0;;;30732;2;30733.0;37.0;;;30729.5;0.0
-1;95600;PICNIC_BASKET2;30726.0;18.0;30725.0;18.0;;;30732;36;;;;;30729.0;0.0
-1;95700;PICNIC_BASKET2;30728.0;39.0;;;;;30734;19;30735.0;20.0;;;30731.5;0.0
-1;95800;PICNIC_BASKET2;30730.0;10.0;30729.0;21.0;;;30736;31;;;;;30732.5;0.0
-1;95900;PICNIC_BASKET2;30728.0;42.0;;;;;30734;17;30735.0;25.0;;;30731.5;0.0
-1;96000;PICNIC_BASKET2;30732.0;13.0;30731.0;30.0;;;30738;43;;;;;30734.5;0.0
-1;96100;PICNIC_BASKET2;30730.0;19.0;30729.0;24.0;;;30736;43;;;;;30732.5;0.0
-1;96200;PICNIC_BASKET2;30726.0;18.0;30725.0;24.0;;;30731;2;30732.0;40.0;;;30728.5;0.0
-1;96300;PICNIC_BASKET2;30729.0;2.0;30728.0;33.0;;;30731;3;30734.0;2.0;30735.0;33.0;30731.5;0.0
-1;96400;PICNIC_BASKET2;30724.0;36.0;;;;;30731;36;;;;;30727.5;0.0
-1;96500;PICNIC_BASKET2;30730.0;20.0;30729.0;21.0;;;30736;20;30737.0;21.0;;;30733.0;0.0
-1;96600;PICNIC_BASKET2;30730.0;37.0;;;;;30736;18;30737.0;19.0;;;30733.5;0.0
-1;96700;PICNIC_BASKET2;30730.0;2.0;30729.0;27.0;;;30735;12;30736.0;17.0;;;30732.5;0.0
-1;96800;PICNIC_BASKET2;30725.0;1.0;30724.0;38.0;;;30730;1;30731.0;38.0;;;30727.5;0.0
-1;96900;PICNIC_BASKET2;30725.0;36.0;;;;;30731;15;30732.0;21.0;;;30728.5;0.0
-1;97000;PICNIC_BASKET2;30728.0;2.0;30727.0;43.0;;;30733;2;30734.0;43.0;;;30730.5;0.0
-1;97100;PICNIC_BASKET2;30728.0;32.0;;;;;30735;32;;;;;30731.5;0.0
-1;97200;PICNIC_BASKET2;30728.0;14.0;30727.0;22.0;;;30734;14;30735.0;22.0;;;30731.0;0.0
-1;97300;PICNIC_BASKET2;30730.0;15.0;30729.0;22.0;;;30735;1;30736.0;36.0;;;30732.5;0.0
-1;97400;PICNIC_BASKET2;30733.0;33.0;;;;;30740;33;;;;;30736.5;0.0
-1;97500;PICNIC_BASKET2;30736.0;19.0;30735.0;26.0;;;30741;2;30742.0;43.0;;;30738.5;0.0
-1;97600;PICNIC_BASKET2;30733.0;14.0;30732.0;22.0;;;30738;1;30739.0;35.0;;;30735.5;0.0
-1;97700;PICNIC_BASKET2;30732.0;8.0;30730.0;20.0;30729.0;18.0;30736;38;;;;;30733.0;0.0
-1;97800;PICNIC_BASKET2;30724.0;37.0;;;;;30731;37;;;;;30727.5;0.0
-1;97900;PICNIC_BASKET2;30727.0;1.0;30726.0;32.0;;;30732;1;30733.0;32.0;;;30729.5;0.0
-1;98000;PICNIC_BASKET2;30727.0;13.0;30726.0;15.0;;;30733;13;30734.0;15.0;;;30730.0;0.0
-1;98100;PICNIC_BASKET2;30731.0;21.0;30730.0;16.0;;;30736;1;30737.0;36.0;;;30734.0;0.0
-1;98200;PICNIC_BASKET2;30731.0;1.0;30730.0;34.0;;;30736;1;30737.0;34.0;;;30733.5;0.0
-1;98300;PICNIC_BASKET2;30737.0;21.0;30736.0;27.0;;;30743;21;30744.0;27.0;;;30740.0;0.0
-1;98400;PICNIC_BASKET2;30738.0;19.0;30737.0;24.0;;;30744;43;;;;;30740.5;0.0
-1;98500;PICNIC_BASKET2;30738.0;21.0;30737.0;25.0;;;30743;2;30744.0;44.0;;;30740.5;0.0
-1;98600;PICNIC_BASKET2;30736.0;13.0;30735.0;23.0;;;30741;1;30742.0;35.0;;;30738.5;0.0
-1;98700;PICNIC_BASKET2;30732.0;13.0;30731.0;15.0;;;30738;13;30739.0;15.0;;;30735.0;0.0
-1;98800;PICNIC_BASKET2;30736.0;20.0;30735.0;21.0;;;30741;1;30742.0;40.0;;;30738.5;0.0
-1;98900;PICNIC_BASKET2;30736.0;19.0;30735.0;15.0;;;30742;34;;;;;30739.0;0.0
-1;99000;PICNIC_BASKET2;30736.0;1.0;30735.0;41.0;;;30741;14;30742.0;28.0;;;30738.5;0.0
-1;99100;PICNIC_BASKET2;30738.0;1.0;30735.0;39.0;;;30742;39;;;;;30738.5;0.0
-1;99200;PICNIC_BASKET2;30735.0;14.0;30734.0;17.0;;;30741;14;30742.0;17.0;;;30738.0;0.0
-1;99300;PICNIC_BASKET2;30741.0;38.0;;;;;30747;16;30748.0;25.0;;;30744.5;0.0
-1;99400;PICNIC_BASKET2;30740.0;17.0;30739.0;16.0;;;30746;17;30747.0;16.0;;;30743.0;0.0
-1;99500;PICNIC_BASKET2;30744.0;19.0;30743.0;18.0;;;30750;37;;;;;30747.0;0.0
-1;99600;PICNIC_BASKET2;30746.0;35.0;;;;;30753;35;;;;;30749.5;0.0
-1;99700;PICNIC_BASKET2;30749.0;16.0;30748.0;18.0;;;30754;2;30755.0;32.0;;;30751.5;0.0
-1;99800;PICNIC_BASKET2;30748.0;19.0;30747.0;29.0;;;30753;1;30754.0;47.0;;;30750.5;0.0
-1;99900;PICNIC_BASKET2;30745.0;41.0;;;;;30751;15;30752.0;26.0;;;30748.5;0.0
-1;100000;PICNIC_BASKET2;30748.0;21.0;30747.0;21.0;;;30753;1;30754.0;41.0;;;30751.0;0.0
-1;100100;PICNIC_BASKET2;30745.0;40.0;;;;;30751;20;30752.0;20.0;;;30748.0;0.0
-1;100200;PICNIC_BASKET2;30745.0;1.0;30744.0;38.0;;;30750;19;30751.0;20.0;;;30747.5;0.0
-1;100300;PICNIC_BASKET2;30750.0;1.0;30749.0;45.0;;;30755;1;30756.0;45.0;;;30752.5;0.0
-1;100400;PICNIC_BASKET2;30747.0;37.0;;;;;30753;18;30754.0;19.0;;;30750.5;0.0
-1;100500;PICNIC_BASKET2;30748.0;33.0;;;;;30754;18;30755.0;15.0;;;30751.0;0.0
-1;100600;PICNIC_BASKET2;30749.0;1.0;30748.0;49.0;;;30754;1;30755.0;49.0;;;30751.5;0.0
-1;100700;PICNIC_BASKET2;30753.0;1.0;30752.0;35.0;;;30755;8;30758.0;1.0;30759.0;35.0;30755.5;0.0
-1;100800;PICNIC_BASKET2;30750.0;11.0;30749.0;18.0;;;30756;29;;;;;30752.5;0.0
-1;100900;PICNIC_BASKET2;30748.0;48.0;;;;;30754;18;30755.0;30.0;;;30751.5;0.0
-1;101000;PICNIC_BASKET2;30755.0;5.0;30752.0;32.0;;;30759;32;;;;;30755.5;0.0
-1;101100;PICNIC_BASKET2;30749.0;14.0;30748.0;28.0;;;30755;14;30756.0;28.0;;;30752.0;0.0
-1;101200;PICNIC_BASKET2;30746.0;17.0;30745.0;16.0;;;30752;17;30753.0;16.0;;;30749.0;0.0
-1;101300;PICNIC_BASKET2;30748.0;1.0;30747.0;48.0;;;30753;1;30754.0;48.0;;;30750.5;0.0
-1;101400;PICNIC_BASKET2;30749.0;11.0;30748.0;19.0;;;30755;11;30756.0;19.0;;;30752.0;0.0
-1;101500;PICNIC_BASKET2;30745.0;13.0;30744.0;25.0;;;30748;6;30751.0;13.0;30752.0;25.0;30748.0;0.0
-1;101600;PICNIC_BASKET2;30745.0;33.0;;;;;30751;13;30752.0;20.0;;;30748.5;0.0
-1;101700;PICNIC_BASKET2;30747.0;40.0;;;;;30754;40;;;;;30750.5;0.0
-1;101800;PICNIC_BASKET2;30749.0;12.0;30748.0;18.0;;;30755;30;;;;;30751.5;0.0
-1;101900;PICNIC_BASKET2;30749.0;2.0;30748.0;42.0;;;30754;15;30755.0;29.0;;;30751.5;0.0
-1;102000;PICNIC_BASKET2;30752.0;1.0;30751.0;32.0;;;30757;1;30758.0;32.0;;;30754.5;0.0
-1;102100;PICNIC_BASKET2;30751.0;2.0;30750.0;38.0;;;30756;2;30757.0;38.0;;;30753.5;0.0
-1;102200;PICNIC_BASKET2;30752.0;38.0;;;;;30758;16;30759.0;22.0;;;30755.5;0.0
-1;102300;PICNIC_BASKET2;30753.0;20.0;30752.0;23.0;;;30759;20;30760.0;23.0;;;30756.0;0.0
-1;102400;PICNIC_BASKET2;30756.0;15.0;30755.0;15.0;;;30762;30;;;;;30759.0;0.0
-1;102500;PICNIC_BASKET2;30757.0;18.0;30756.0;18.0;;;30762;2;30763.0;34.0;;;30760.0;0.0
-1;102600;PICNIC_BASKET2;30757.0;2.0;30756.0;30.0;;;30762;2;30763.0;30.0;;;30759.5;0.0
-1;102700;PICNIC_BASKET2;30753.0;35.0;;;;;30760;35;;;;;30756.5;0.0
-1;102800;PICNIC_BASKET2;30753.0;12.0;30752.0;18.0;;;30758;2;30759.0;28.0;;;30755.5;0.0
-1;102900;PICNIC_BASKET2;30750.0;11.0;30749.0;16.0;;;30755;1;30756.0;26.0;;;30752.5;0.0
-1;103000;PICNIC_BASKET2;30750.0;1.0;30749.0;40.0;;;30755;21;30756.0;20.0;;;30752.0;0.0
-1;103100;PICNIC_BASKET2;30750.0;1.0;30749.0;35.0;;;30755;1;30756.0;35.0;;;30752.5;0.0
-1;103200;PICNIC_BASKET2;30747.0;15.0;30746.0;25.0;;;30753;40;;;;;30749.5;0.0
-1;103300;PICNIC_BASKET2;30743.0;18.0;30742.0;28.0;;;30749;46;;;;;30745.5;0.0
-1;103400;PICNIC_BASKET2;30742.0;14.0;30741.0;30.0;;;30747;2;30748.0;42.0;;;30744.5;0.0
-1;103500;PICNIC_BASKET2;30746.0;18.0;30745.0;16.0;;;30752;18;30753.0;16.0;;;30749.0;0.0
-1;103600;PICNIC_BASKET2;30749.0;2.0;30748.0;31.0;;;30754;14;30755.0;19.0;;;30751.5;0.0
-1;103700;PICNIC_BASKET2;30752.0;20.0;30751.0;26.0;;;30758;20;30759.0;26.0;;;30755.0;0.0
-1;103800;PICNIC_BASKET2;30750.0;28.0;;;;;30756;12;30757.0;16.0;;;30753.5;0.0
-1;103900;PICNIC_BASKET2;30752.0;32.0;;;;;30758;13;30759.0;19.0;;;30755.5;0.0
-1;104000;PICNIC_BASKET2;30752.0;14.0;30751.0;28.0;;;30758;42;;;;;30754.5;0.0
-1;104100;PICNIC_BASKET2;30750.0;1.0;30749.0;41.0;;;30755;1;30756.0;41.0;;;30752.5;0.0
-1;104200;PICNIC_BASKET2;30749.0;18.0;30748.0;27.0;;;30752;4;30755.0;18.0;30756.0;27.0;30752.0;0.0
-1;104300;PICNIC_BASKET2;30745.0;11.0;30744.0;19.0;;;30751;30;;;;;30747.5;0.0
-1;104400;PICNIC_BASKET2;30744.0;1.0;30743.0;26.0;;;30749;12;30750.0;15.0;;;30746.5;0.0
-1;104500;PICNIC_BASKET2;30746.0;13.0;30745.0;29.0;;;30751;1;30752.0;41.0;;;30748.5;0.0
-1;104600;PICNIC_BASKET2;30745.0;21.0;30744.0;15.0;;;30751;36;;;;;30748.0;0.0
-1;104700;PICNIC_BASKET2;30748.0;1.0;30747.0;41.0;;;30753;20;30754.0;22.0;;;30750.5;0.0
-1;104800;PICNIC_BASKET2;30748.0;18.0;30747.0;25.0;;;30753;2;30754.0;41.0;;;30750.5;0.0
-1;104900;PICNIC_BASKET2;30746.0;2.0;30745.0;44.0;;;30751;2;30752.0;44.0;;;30748.5;0.0
-1;105000;PICNIC_BASKET2;30745.0;37.0;;;;;30751;16;30752.0;21.0;;;30748.5;0.0
-1;105100;PICNIC_BASKET2;30746.0;47.0;;;;;30752;20;30753.0;27.0;;;30749.5;0.0
-1;105200;PICNIC_BASKET2;30744.0;16.0;30743.0;30.0;;;30746;1;30750.0;46.0;;;30746.5;0.0
-1;105300;PICNIC_BASKET2;30745.0;15.0;30744.0;23.0;;;30751;15;30752.0;23.0;;;30748.0;0.0
-1;105400;PICNIC_BASKET2;30745.0;4.0;30743.0;17.0;30742.0;27.0;30749;44;;;;;30745.5;0.0
-1;105500;PICNIC_BASKET2;30744.0;17.0;30743.0;19.0;;;30750;17;30751.0;19.0;;;30747.0;0.0
-1;105600;PICNIC_BASKET2;30743.0;27.0;;;;;30750;27;;;;;30746.5;0.0
-1;105700;PICNIC_BASKET2;30750.0;1.0;30749.0;40.0;;;30755;14;30756.0;27.0;;;30752.5;0.0
-1;105800;PICNIC_BASKET2;30751.0;2.0;30750.0;31.0;;;30756;18;30757.0;15.0;;;30753.0;0.0
-1;105900;PICNIC_BASKET2;30751.0;4.0;30749.0;20.0;30748.0;19.0;30754;1;30755.0;38.0;;;30752.0;0.0
-1;106000;PICNIC_BASKET2;30749.0;15.0;30748.0;30.0;;;30755;45;;;;;30751.5;0.0
-1;106100;PICNIC_BASKET2;30751.0;35.0;;;;;30757;13;30758.0;22.0;;;30754.5;0.0
-1;106200;PICNIC_BASKET2;30748.0;2.0;30747.0;30.0;;;30753;2;30754.0;30.0;;;30750.5;0.0
-1;106300;PICNIC_BASKET2;30747.0;15.0;30746.0;23.0;;;30750;2;30753.0;15.0;30754.0;23.0;30750.0;0.0
-1;106400;PICNIC_BASKET2;30751.0;18.0;30750.0;26.0;;;30757;44;;;;;30753.5;0.0
-1;106500;PICNIC_BASKET2;30754.0;34.0;;;;;30760;12;30761.0;22.0;;;30757.5;0.0
-1;106600;PICNIC_BASKET2;30756.0;13.0;30755.0;19.0;;;30762;32;;;;;30758.5;0.0
-1;106700;PICNIC_BASKET2;30756.0;2.0;30755.0;44.0;;;30761;2;30762.0;44.0;;;30758.5;0.0
-1;106800;PICNIC_BASKET2;30757.0;21.0;30756.0;30.0;;;30763;51;;;;;30759.5;0.0
-1;106900;PICNIC_BASKET2;30755.0;25.0;;;;;30761;10;30762.0;15.0;;;30758.5;0.0
-1;107000;PICNIC_BASKET2;30756.0;11.0;30755.0;18.0;;;30761;1;30762.0;28.0;;;30758.5;0.0
-1;107100;PICNIC_BASKET2;30759.0;32.0;;;;;30766;32;;;;;30762.5;0.0
-1;107200;PICNIC_BASKET2;30762.0;35.0;;;;;30768;20;30769.0;15.0;;;30765.0;0.0
-1;107300;PICNIC_BASKET2;30761.0;12.0;30760.0;18.0;;;30766;2;30767.0;28.0;;;30763.5;0.0
-1;107400;PICNIC_BASKET2;30763.0;38.0;;;;;30769;12;30770.0;26.0;;;30766.5;0.0
-1;107500;PICNIC_BASKET2;30765.0;11.0;30764.0;17.0;;;30767;4;30771.0;28.0;;;30767.5;0.0
-1;107600;PICNIC_BASKET2;30770.0;4.0;30767.0;11.0;30766.0;19.0;30773;11;30774.0;19.0;;;30770.0;0.0
-1;107700;PICNIC_BASKET2;30766.0;2.0;30765.0;47.0;;;30768;5;30771.0;22.0;30772.0;27.0;30768.5;0.0
-1;107800;PICNIC_BASKET2;30764.0;2.0;30763.0;34.0;;;30769;15;30770.0;21.0;;;30766.5;0.0
-1;107900;PICNIC_BASKET2;30759.0;21.0;30758.0;27.0;;;30765;21;30766.0;27.0;;;30762.0;0.0
-1;108000;PICNIC_BASKET2;30762.0;1.0;30761.0;26.0;;;30767;11;30768.0;16.0;;;30764.5;0.0
-1;108100;PICNIC_BASKET2;30764.0;16.0;30763.0;26.0;;;30770;42;;;;;30766.5;0.0
-1;108200;PICNIC_BASKET2;30768.0;18.0;30767.0;21.0;;;30774;39;;;;;30770.5;0.0
-1;108300;PICNIC_BASKET2;30768.0;20.0;30767.0;18.0;;;30774;38;;;;;30771.0;0.0
-1;108400;PICNIC_BASKET2;30764.0;1.0;30763.0;32.0;;;30769;1;30770.0;32.0;;;30766.5;0.0
-1;108500;PICNIC_BASKET2;30764.0;2.0;30763.0;40.0;;;30769;2;30770.0;40.0;;;30766.5;0.0
-1;108600;PICNIC_BASKET2;30764.0;1.0;30763.0;36.0;;;30769;1;30770.0;36.0;;;30766.5;0.0
-1;108700;PICNIC_BASKET2;30764.0;17.0;30763.0;25.0;;;30770;42;;;;;30766.5;0.0
-1;108800;PICNIC_BASKET2;30760.0;20.0;30759.0;30.0;;;30766;50;;;;;30762.5;0.0
-1;108900;PICNIC_BASKET2;30762.0;1.0;30761.0;39.0;;;30767;1;30768.0;39.0;;;30764.5;0.0
-1;109000;PICNIC_BASKET2;30765.0;20.0;30764.0;24.0;;;30771;44;;;;;30767.5;0.0
-1;109100;PICNIC_BASKET2;30767.0;1.0;30766.0;41.0;;;30772;1;30773.0;41.0;;;30769.5;0.0
-1;109200;PICNIC_BASKET2;30768.0;2.0;30767.0;30.0;;;30773;13;30774.0;19.0;;;30770.5;0.0
-1;109300;PICNIC_BASKET2;30762.0;11.0;30761.0;29.0;;;30768;40;;;;;30764.5;0.0
-1;109400;PICNIC_BASKET2;30759.0;15.0;30758.0;26.0;;;30765;41;;;;;30761.5;0.0
-1;109500;PICNIC_BASKET2;30760.0;2.0;30759.0;42.0;;;30765;18;30766.0;26.0;;;30762.5;0.0
-1;109600;PICNIC_BASKET2;30761.0;2.0;30760.0;26.0;;;30766;12;30767.0;16.0;;;30763.5;0.0
-1;109700;PICNIC_BASKET2;30760.0;11.0;30759.0;25.0;;;30765;1;30766.0;35.0;;;30762.5;0.0
-1;109800;PICNIC_BASKET2;30761.0;15.0;30760.0;25.0;;;30767;40;;;;;30763.5;0.0
-1;109900;PICNIC_BASKET2;30767.0;4.0;30765.0;14.0;30764.0;15.0;30771;14;30772.0;15.0;;;30768.0;0.0
-1;110000;PICNIC_BASKET2;30767.0;41.0;;;;;30773;14;30774.0;27.0;;;30770.5;0.0
-1;110100;PICNIC_BASKET2;30772.0;5.0;30769.0;20.0;30768.0;23.0;30775;20;30776.0;23.0;;;30772.0;0.0
-1;110200;PICNIC_BASKET2;30770.0;10.0;30769.0;27.0;;;30776;37;;;;;30772.5;0.0
-1;110300;PICNIC_BASKET2;30769.0;22.0;30768.0;16.0;;;30774;2;30775.0;36.0;;;30772.0;0.0
-1;110400;PICNIC_BASKET2;30773.0;18.0;30772.0;18.0;;;30779;36;;;;;30776.0;0.0
-1;110500;PICNIC_BASKET2;30766.0;42.0;;;;;30773;42;;;;;30769.5;0.0
-1;110600;PICNIC_BASKET2;30766.0;39.0;;;;;30772;18;30773.0;21.0;;;30769.5;0.0
-1;110700;PICNIC_BASKET2;30767.0;2.0;30766.0;44.0;;;30772;2;30773.0;44.0;;;30769.5;0.0
-1;110800;PICNIC_BASKET2;30766.0;36.0;;;;;30773;36;;;;;30769.5;0.0
-1;110900;PICNIC_BASKET2;30765.0;44.0;;;;;30771;15;30772.0;29.0;;;30768.5;0.0
-1;111000;PICNIC_BASKET2;30769.0;2.0;30768.0;43.0;;;30774;2;30775.0;43.0;;;30771.5;0.0
-1;111100;PICNIC_BASKET2;30770.0;2.0;30769.0;45.0;;;30775;2;30776.0;45.0;;;30772.5;0.0
-1;111200;PICNIC_BASKET2;30774.0;1.0;30773.0;30.0;;;30779;15;30780.0;16.0;;;30776.5;0.0
-1;111300;PICNIC_BASKET2;30770.0;13.0;30769.0;21.0;;;30776;13;30777.0;21.0;;;30773.0;0.0
-1;111400;PICNIC_BASKET2;30767.0;42.0;;;;;30773;14;30774.0;28.0;;;30770.5;0.0
-1;111500;PICNIC_BASKET2;30766.0;1.0;30765.0;36.0;;;30771;13;30772.0;24.0;;;30768.5;0.0
-1;111600;PICNIC_BASKET2;30763.0;36.0;;;;;30769;17;30770.0;19.0;;;30766.5;0.0
-1;111700;PICNIC_BASKET2;30761.0;17.0;30760.0;25.0;;;30766;2;30767.0;40.0;;;30763.5;0.0
-1;111800;PICNIC_BASKET2;30763.0;35.0;;;;;30769;12;30770.0;23.0;;;30766.5;0.0
-1;111900;PICNIC_BASKET2;30763.0;2.0;30762.0;33.0;;;30768;2;30769.0;33.0;;;30765.5;0.0
-1;112000;PICNIC_BASKET2;30763.0;14.0;30762.0;15.0;;;30768;2;30769.0;27.0;;;30765.5;0.0
-1;112100;PICNIC_BASKET2;30769.0;15.0;30768.0;27.0;;;30774;2;30775.0;40.0;;;30771.5;0.0
-1;112200;PICNIC_BASKET2;30773.0;2.0;30772.0;33.0;;;30778;19;30779.0;16.0;;;30775.0;0.0
-1;112300;PICNIC_BASKET2;30776.0;39.0;;;;;30783;39;;;;;30779.5;0.0
-1;112400;PICNIC_BASKET2;30772.0;1.0;30771.0;37.0;;;30777;14;30778.0;24.0;;;30774.5;0.0
-1;112500;PICNIC_BASKET2;30774.0;14.0;30773.0;28.0;;;30779;2;30780.0;40.0;;;30776.5;0.0
-1;112600;PICNIC_BASKET2;30772.0;45.0;;;;;30778;20;30779.0;25.0;;;30775.5;0.0
-1;112700;PICNIC_BASKET2;30775.0;1.0;30774.0;33.0;;;30780;1;30781.0;33.0;;;30777.5;0.0
-1;112800;PICNIC_BASKET2;30775.0;38.0;;;;;30782;38;;;;;30778.5;0.0
-1;112900;PICNIC_BASKET2;30779.0;13.0;30778.0;30.0;;;30785;13;30786.0;30.0;;;30782.0;0.0
-1;113000;PICNIC_BASKET2;30777.0;21.0;30776.0;26.0;;;30783;47;;;;;30779.5;0.0
-1;113100;PICNIC_BASKET2;30779.0;1.0;30778.0;42.0;;;30781;7;30784.0;19.0;30785.0;24.0;30781.5;0.0
-1;113200;PICNIC_BASKET2;30778.0;36.0;;;;;30784;17;30785.0;19.0;;;30781.5;0.0
-1;113300;PICNIC_BASKET2;30776.0;22.0;30775.0;26.0;;;30782;48;;;;;30778.5;0.0
-1;113400;PICNIC_BASKET2;30776.0;18.0;30775.0;20.0;;;30782;18;30783.0;20.0;;;30779.0;0.0
-1;113500;PICNIC_BASKET2;30782.0;16.0;30781.0;18.0;;;30788;16;30789.0;18.0;;;30785.0;0.0
-1;113600;PICNIC_BASKET2;30785.0;1.0;30784.0;47.0;;;30790;20;30791.0;28.0;;;30787.5;0.0
-1;113700;PICNIC_BASKET2;30784.0;14.0;30783.0;20.0;;;30789;1;30790.0;33.0;;;30786.5;0.0
-1;113800;PICNIC_BASKET2;30786.0;2.0;30785.0;38.0;;;30791;2;30792.0;38.0;;;30788.5;0.0
-1;113900;PICNIC_BASKET2;30788.0;20.0;30787.0;30.0;;;30793;1;30794.0;49.0;;;30790.5;0.0
-1;114000;PICNIC_BASKET2;30793.0;22.0;30792.0;24.0;;;30799;22;30800.0;24.0;;;30796.0;0.0
-1;114100;PICNIC_BASKET2;30791.0;21.0;30790.0;27.0;;;30793;6;30797.0;21.0;30798.0;27.0;30794.0;0.0
-1;114200;PICNIC_BASKET2;30790.0;2.0;30789.0;45.0;;;30795;18;30796.0;29.0;;;30792.5;0.0
-1;114300;PICNIC_BASKET2;30795.0;6.0;30793.0;2.0;30792.0;42.0;30798;2;30799.0;42.0;;;30795.5;0.0
-1;114400;PICNIC_BASKET2;30788.0;34.0;;;;;30795;34;;;;;30791.5;0.0
-1;114500;PICNIC_BASKET2;30784.0;18.0;30783.0;22.0;;;30790;18;30791.0;22.0;;;30787.0;0.0
-1;114600;PICNIC_BASKET2;30781.0;1.0;30780.0;34.0;;;30786;18;30787.0;17.0;;;30783.0;0.0
-1;114700;PICNIC_BASKET2;30784.0;2.0;30783.0;38.0;;;30789;2;30790.0;38.0;;;30786.5;0.0
-1;114800;PICNIC_BASKET2;30788.0;2.0;30787.0;31.0;;;30793;17;30794.0;16.0;;;30790.0;0.0
-1;114900;PICNIC_BASKET2;30786.0;47.0;;;;;30793;47;;;;;30789.5;0.0
-1;115000;PICNIC_BASKET2;30787.0;11.0;30786.0;15.0;;;30793;11;30794.0;15.0;;;30790.0;0.0
-1;115100;PICNIC_BASKET2;30788.0;11.0;30787.0;15.0;;;30790;8;30794.0;26.0;;;30790.5;0.0
-1;115200;PICNIC_BASKET2;30787.0;14.0;30786.0;29.0;;;30793;43;;;;;30789.5;0.0
-1;115300;PICNIC_BASKET2;30788.0;11.0;30787.0;19.0;;;30794;11;30795.0;19.0;;;30791.0;0.0
-1;115400;PICNIC_BASKET2;30790.0;28.0;;;;;30796;11;30797.0;17.0;;;30793.5;0.0
-1;115500;PICNIC_BASKET2;30787.0;17.0;30786.0;28.0;;;30792;2;30793.0;43.0;;;30789.5;0.0
-1;115600;PICNIC_BASKET2;30789.0;2.0;30788.0;36.0;;;30794;15;30795.0;23.0;;;30791.5;0.0
-1;115700;PICNIC_BASKET2;30787.0;12.0;30786.0;28.0;;;30793;12;30794.0;28.0;;;30790.0;0.0
-1;115800;PICNIC_BASKET2;30786.0;18.0;30785.0;22.0;;;30791;2;30792.0;38.0;;;30788.5;0.0
-1;115900;PICNIC_BASKET2;30787.0;15.0;30786.0;17.0;;;30792;2;30793.0;30.0;;;30789.5;0.0
-1;116000;PICNIC_BASKET2;30791.0;29.0;;;;;30797;14;30798.0;15.0;;;30794.5;0.0
-1;116100;PICNIC_BASKET2;30795.0;2.0;30794.0;49.0;;;30800;22;30801.0;29.0;;;30797.5;0.0
-1;116200;PICNIC_BASKET2;30797.0;42.0;;;;;30804;42;;;;;30800.5;0.0
-1;116300;PICNIC_BASKET2;30805.0;2.0;30804.0;43.0;;;30810;2;30811.0;43.0;;;30807.5;0.0
-1;116400;PICNIC_BASKET2;30809.0;15.0;30808.0;30.0;;;30815;45;;;;;30811.5;0.0
-1;116500;PICNIC_BASKET2;30805.0;37.0;;;;;30811;21;30812.0;16.0;;;30808.0;0.0
-1;116600;PICNIC_BASKET2;30801.0;40.0;;;;;30804;2;30807.0;20.0;30808.0;20.0;30804.0;0.0
-1;116700;PICNIC_BASKET2;30796.0;2.0;30795.0;27.0;;;30801;2;30802.0;27.0;;;30798.5;0.0
-1;116800;PICNIC_BASKET2;30798.0;41.0;;;;;30804;19;30805.0;22.0;;;30801.5;0.0
-1;116900;PICNIC_BASKET2;30795.0;16.0;30794.0;26.0;;;30800;1;30801.0;41.0;;;30797.5;0.0
-1;117000;PICNIC_BASKET2;30792.0;1.0;30791.0;36.0;;;30797;20;30798.0;17.0;;;30794.0;0.0
-1;117100;PICNIC_BASKET2;30795.0;2.0;30794.0;41.0;;;30800;13;30801.0;30.0;;;30797.5;0.0
-1;117200;PICNIC_BASKET2;30793.0;40.0;;;;;30799;14;30800.0;26.0;;;30796.5;0.0
-1;117300;PICNIC_BASKET2;30791.0;16.0;30790.0;15.0;;;30796;1;30797.0;30.0;;;30794.0;0.0
-1;117400;PICNIC_BASKET2;30785.0;33.0;;;;;30791;18;30792.0;15.0;;;30788.0;0.0
-1;117500;PICNIC_BASKET2;30785.0;12.0;30784.0;18.0;;;30791;12;30792.0;18.0;;;30788.0;0.0
-1;117600;PICNIC_BASKET2;30788.0;15.0;30787.0;15.0;;;30793;1;30794.0;29.0;;;30791.0;0.0
-1;117700;PICNIC_BASKET2;30789.0;31.0;;;;;30795;11;30796.0;20.0;;;30792.5;0.0
-1;117800;PICNIC_BASKET2;30789.0;2.0;30788.0;41.0;;;30794;15;30795.0;28.0;;;30791.5;0.0
-1;117900;PICNIC_BASKET2;30789.0;18.0;30788.0;21.0;;;30795;39;;;;;30791.5;0.0
-1;118000;PICNIC_BASKET2;30787.0;30.0;;;;;30793;11;30794.0;19.0;;;30790.5;0.0
-1;118100;PICNIC_BASKET2;30788.0;2.0;30787.0;34.0;;;30793;14;30794.0;22.0;;;30790.5;0.0
-1;118200;PICNIC_BASKET2;30788.0;19.0;30787.0;17.0;;;30794;36;;;;;30791.0;0.0
-1;118300;PICNIC_BASKET2;30786.0;15.0;30785.0;16.0;;;30792;15;30793.0;16.0;;;30789.0;0.0
-1;118400;PICNIC_BASKET2;30788.0;13.0;30787.0;30.0;;;30793;2;30794.0;41.0;;;30790.5;0.0
-1;118500;PICNIC_BASKET2;30785.0;47.0;;;;;30791;21;30792.0;26.0;;;30788.5;0.0
-1;118600;PICNIC_BASKET2;30784.0;2.0;30783.0;32.0;;;30789;16;30790.0;18.0;;;30786.5;0.0
-1;118700;PICNIC_BASKET2;30785.0;13.0;30784.0;30.0;;;30790;1;30791.0;42.0;;;30787.5;0.0
-1;118800;PICNIC_BASKET2;30785.0;2.0;30784.0;41.0;;;30790;2;30791.0;41.0;;;30787.5;0.0
-1;118900;PICNIC_BASKET2;30787.0;40.0;;;;;30793;19;30794.0;21.0;;;30790.5;0.0
-1;119000;PICNIC_BASKET2;30792.0;1.0;30791.0;41.0;;;30797;19;30798.0;23.0;;;30794.5;0.0
-1;119100;PICNIC_BASKET2;30792.0;16.0;30791.0;21.0;;;30798;16;30799.0;21.0;;;30795.0;0.0
-1;119200;PICNIC_BASKET2;30790.0;1.0;30789.0;39.0;;;30795;16;30796.0;24.0;;;30792.5;0.0
-1;119300;PICNIC_BASKET2;30785.0;40.0;;;;;30792;40;;;;;30788.5;0.0
-1;119400;PICNIC_BASKET2;30780.0;17.0;30779.0;27.0;;;30786;17;30787.0;27.0;;;30783.0;0.0
-1;119500;PICNIC_BASKET2;30779.0;21.0;30778.0;23.0;;;30784;1;30785.0;43.0;;;30781.5;0.0
-1;119600;PICNIC_BASKET2;30780.0;21.0;30779.0;20.0;;;30786;21;30787.0;20.0;;;30783.0;0.0
-1;119700;PICNIC_BASKET2;30779.0;1.0;30778.0;30.0;;;30784;1;30785.0;30.0;;;30781.5;0.0
-1;119800;PICNIC_BASKET2;30780.0;17.0;30779.0;19.0;;;30786;36;;;;;30782.5;0.0
-1;119900;PICNIC_BASKET2;30782.0;2.0;30781.0;33.0;;;30787;2;30788.0;33.0;;;30784.5;0.0
-1;120000;PICNIC_BASKET2;30783.0;2.0;30782.0;35.0;;;30788;13;30789.0;24.0;;;30785.5;0.0
