day;timestamp;product;bid_price_1;bid_volume_1;bid_price_2;bid_volume_2;bid_price_3;bid_volume_3;ask_price_1;ask_volume_1;ask_price_2;ask_volume_2;ask_price_3;ask_volume_3;mid_price;profit_and_loss
3;0;GIFT_BASKET;69548;2;69547.0;14.0;69546.0;30.0;69559;2;69560.0;14.0;69561.0;30.0;69553.5;0.0
3;100;GIFT_BASKET;69551;2;69549.0;10.0;69548.0;20.0;69561;2;69562.0;10.0;69563.0;20.0;69555.5;0.0
3;200;GIFT_BASKET;69557;14;69556.0;25.0;;;69569;14;69571.0;25.0;;;69563.5;0.0
3;300;GIFT_BASKET;69546;1;69545.0;19.0;69544.0;22.0;69557;1;69558.0;19.0;69559.0;22.0;69551.5;0.0
3;400;GIFT_BASKET;69541;19;69540.0;21.0;;;69554;19;69555.0;21.0;;;69547.5;0.0
3;500;GIFT_BASKET;69539;16;69538.0;27.0;;;69552;16;69553.0;27.0;;;69545.5;0.0
3;600;GIFT_BASKET;69543;4;69537.0;20.0;69536.0;21.0;69550;20;69551.0;21.0;;;69543.5;0.0
3;700;GIFT_BASKET;69536;1;69535.0;18.0;69534.0;29.0;69547;1;69548.0;18.0;69549.0;29.0;69541.5;0.0
3;800;GIFT_BASKET;69531;1;69530.0;10.0;69529.0;20.0;69541;1;69542.0;10.0;69543.0;20.0;69536.0;0.0
3;900;GIFT_BASKET;69521;1;69520.0;17.0;69519.0;19.0;69532;1;69533.0;17.0;69534.0;19.0;69526.5;0.0
3;1000;GIFT_BASKET;69511;5;69510.0;22.0;;;69524;12;69525.0;22.0;;;69517.5;0.0
3;1100;GIFT_BASKET;69517;1;69516.0;18.0;69515.0;18.0;69527;1;69528.0;18.0;69529.0;18.0;69522.0;0.0
3;1200;GIFT_BASKET;69523;2;69522.0;17.0;69521.0;28.0;69534;2;69535.0;17.0;69536.0;28.0;69528.5;0.0
3;1300;GIFT_BASKET;69515;1;69514.0;18.0;69513.0;17.0;69526;1;69527.0;18.0;69528.0;17.0;69520.5;0.0
3;1400;GIFT_BASKET;69524;16;69523.0;29.0;;;69537;16;69538.0;29.0;;;69530.5;0.0
3;1500;GIFT_BASKET;69525;1;69524.0;16.0;69523.0;22.0;69536;1;69537.0;16.0;69538.0;22.0;69530.5;0.0
3;1600;GIFT_BASKET;69518;16;69517.0;21.0;;;69530;16;69531.0;21.0;;;69524.0;0.0
3;1700;GIFT_BASKET;69513;19;69512.0;17.0;;;69526;19;69527.0;17.0;;;69519.5;0.0
3;1800;GIFT_BASKET;69497;1;69496.0;14.0;69495.0;21.0;69508;1;69509.0;14.0;69510.0;21.0;69502.5;0.0
3;1900;GIFT_BASKET;69503;1;69502.0;14.0;69501.0;23.0;69514;1;69515.0;14.0;69516.0;23.0;69508.5;0.0
3;2000;GIFT_BASKET;69512;1;69511.0;18.0;69510.0;19.0;69523;1;69524.0;18.0;69525.0;19.0;69517.5;0.0
3;2100;GIFT_BASKET;69508;19;69507.0;23.0;;;69520;19;69521.0;23.0;;;69514.0;0.0
3;2200;GIFT_BASKET;69497;1;69496.0;13.0;69495.0;24.0;69508;1;69509.0;13.0;69510.0;24.0;69502.5;0.0
3;2300;GIFT_BASKET;69505;2;69504.0;18.0;69503.0;27.0;69516;2;69517.0;18.0;69518.0;27.0;69510.5;0.0
3;2400;GIFT_BASKET;69520;1;69519.0;15.0;69517.0;23.0;69530;1;69531.0;15.0;69532.0;23.0;69524.5;0.0
3;2500;GIFT_BASKET;69512;1;69511.0;14.0;69510.0;23.0;69522;1;69523.0;14.0;69524.0;23.0;69517.0;0.0
3;2600;GIFT_BASKET;69517;2;69516.0;11.0;69515.0;30.0;69527;2;69528.0;11.0;69529.0;30.0;69522.0;0.0
3;2700;GIFT_BASKET;69503;2;69502.0;19.0;69501.0;27.0;69514;2;69515.0;19.0;69516.0;27.0;69508.5;0.0
3;2800;GIFT_BASKET;69511;2;69510.0;20.0;69509.0;24.0;69522;2;69523.0;20.0;69524.0;24.0;69516.5;0.0
3;2900;GIFT_BASKET;69515;2;69514.0;12.0;69513.0;23.0;69526;2;69527.0;12.0;69528.0;23.0;69520.5;0.0
3;3000;GIFT_BASKET;69518;2;69517.0;11.0;69516.0;22.0;69529;2;69530.0;11.0;69531.0;22.0;69523.5;0.0
3;3100;GIFT_BASKET;69511;2;69510.0;19.0;69509.0;17.0;69521;2;69522.0;19.0;69523.0;17.0;69516.0;0.0
3;3200;GIFT_BASKET;69507;18;69506.0;19.0;;;69520;18;69521.0;19.0;;;69513.5;0.0
3;3300;GIFT_BASKET;69502;11;69501.0;17.0;;;69515;11;69516.0;17.0;;;69508.5;0.0
3;3400;GIFT_BASKET;69513;2;69512.0;19.0;69511.0;25.0;69524;2;69525.0;19.0;69526.0;25.0;69518.5;0.0
3;3500;GIFT_BASKET;69506;11;69505.0;22.0;;;69519;11;69520.0;22.0;;;69512.5;0.0
3;3600;GIFT_BASKET;69499;10;69498.0;15.0;;;69512;10;69513.0;15.0;;;69505.5;0.0
3;3700;GIFT_BASKET;69511;12;69510.0;29.0;;;69524;12;69525.0;29.0;;;69517.5;0.0
3;3800;GIFT_BASKET;69508;15;69507.0;28.0;;;69521;15;69522.0;28.0;;;69514.5;0.0
3;3900;GIFT_BASKET;69502;1;69501.0;11.0;69500.0;22.0;69513;1;69514.0;11.0;69515.0;22.0;69507.5;0.0
3;4000;GIFT_BASKET;69505;1;69504.0;10.0;69503.0;20.0;69516;1;69517.0;10.0;69518.0;20.0;69510.5;0.0
3;4100;GIFT_BASKET;69504;2;69503.0;10.0;69502.0;15.0;69514;2;69515.0;10.0;69516.0;15.0;69509.0;0.0
3;4200;GIFT_BASKET;69506;2;69505.0;11.0;69504.0;21.0;69517;2;69518.0;11.0;69519.0;21.0;69511.5;0.0
3;4300;GIFT_BASKET;69514;1;69513.0;13.0;69512.0;22.0;69519;1;69525.0;1.0;69526.0;13.0;69519.0;0.0
3;4400;GIFT_BASKET;69507;2;69506.0;18.0;69505.0;30.0;69518;2;69519.0;18.0;69520.0;30.0;69512.5;0.0
3;4500;GIFT_BASKET;69508;1;69507.0;10.0;69506.0;29.0;69519;1;69520.0;10.0;69521.0;29.0;69513.5;0.0
3;4600;GIFT_BASKET;69506;2;69505.0;12.0;69504.0;16.0;69517;2;69518.0;12.0;69519.0;16.0;69511.5;0.0
3;4700;GIFT_BASKET;69509;2;69508.0;19.0;69507.0;23.0;69520;2;69521.0;19.0;69522.0;23.0;69514.5;0.0
3;4800;GIFT_BASKET;69521;1;69516.0;1.0;69515.0;17.0;69527;1;69528.0;17.0;69529.0;28.0;69522.0;0.0
3;4900;GIFT_BASKET;69514;2;69513.0;13.0;69512.0;21.0;69525;2;69526.0;13.0;69527.0;21.0;69519.5;0.0
3;5000;GIFT_BASKET;69515;14;69514.0;18.0;;;69528;14;69529.0;18.0;;;69521.5;0.0
3;5100;GIFT_BASKET;69507;14;69506.0;27.0;;;69520;14;69521.0;27.0;;;69513.5;0.0
3;5200;GIFT_BASKET;69498;14;69497.0;30.0;;;69510;14;69512.0;30.0;;;69504.5;0.0
3;5300;GIFT_BASKET;69496;1;69495.0;19.0;69494.0;29.0;69507;1;69508.0;19.0;69509.0;29.0;69501.5;0.0
3;5400;GIFT_BASKET;69487;15;69486.0;30.0;;;69500;15;69501.0;30.0;;;69493.5;0.0
3;5500;GIFT_BASKET;69501;1;69500.0;17.0;69499.0;24.0;69512;1;69513.0;17.0;69514.0;24.0;69506.5;0.0
3;5600;GIFT_BASKET;69509;15;69508.0;16.0;;;69522;15;69523.0;16.0;;;69515.5;0.0
3;5700;GIFT_BASKET;69505;1;69504.0;15.0;69503.0;27.0;69516;1;69517.0;15.0;69518.0;27.0;69510.5;0.0
3;5800;GIFT_BASKET;69514;19;69513.0;23.0;;;69527;19;69528.0;23.0;;;69520.5;0.0
3;5900;GIFT_BASKET;69516;15;69515.0;27.0;;;69529;15;69530.0;27.0;;;69522.5;0.0
3;6000;GIFT_BASKET;69527;2;69526.0;14.0;69525.0;16.0;69538;2;69539.0;14.0;69540.0;16.0;69532.5;0.0
3;6100;GIFT_BASKET;69537;1;69536.0;13.0;69535.0;22.0;69547;1;69548.0;13.0;69549.0;22.0;69542.0;0.0
3;6200;GIFT_BASKET;69536;1;69535.0;12.0;69534.0;22.0;69547;1;69548.0;12.0;69549.0;22.0;69541.5;0.0
3;6300;GIFT_BASKET;69524;2;69523.0;12.0;69522.0;16.0;69535;2;69536.0;12.0;69537.0;16.0;69529.5;0.0
3;6400;GIFT_BASKET;69533;1;69532.0;18.0;69530.0;23.0;69543;1;69544.0;18.0;69545.0;23.0;69537.5;0.0
3;6500;GIFT_BASKET;69531;18;69530.0;29.0;;;69544;18;69545.0;29.0;;;69537.5;0.0
3;6600;GIFT_BASKET;69537;1;69536.0;14.0;69535.0;29.0;69548;1;69549.0;14.0;69550.0;29.0;69542.5;0.0
3;6700;GIFT_BASKET;69525;15;69524.0;15.0;;;69538;15;69539.0;15.0;;;69531.5;0.0
3;6800;GIFT_BASKET;69535;2;69534.0;11.0;69533.0;22.0;69546;2;69547.0;11.0;69548.0;22.0;69540.5;0.0
3;6900;GIFT_BASKET;69540;2;69539.0;11.0;69538.0;23.0;69551;2;69552.0;11.0;69553.0;23.0;69545.5;0.0
3;7000;GIFT_BASKET;69546;2;69545.0;17.0;69544.0;27.0;69557;2;69558.0;17.0;69559.0;27.0;69551.5;0.0
3;7100;GIFT_BASKET;69553;6;69548.0;2.0;69547.0;10.0;69559;2;69560.0;10.0;69561.0;25.0;69554.0;0.0
3;7200;GIFT_BASKET;69556;1;69555.0;11.0;69554.0;30.0;69566;1;69567.0;11.0;69568.0;30.0;69561.0;0.0
3;7300;GIFT_BASKET;69551;17;69550.0;27.0;;;69564;17;69565.0;27.0;;;69557.5;0.0
3;7400;GIFT_BASKET;69542;1;69541.0;16.0;69540.0;17.0;69552;1;69553.0;16.0;69554.0;17.0;69547.0;0.0
3;7500;GIFT_BASKET;69550;2;69549.0;11.0;69548.0;21.0;69560;2;69561.0;11.0;69563.0;21.0;69555.5;0.0
3;7600;GIFT_BASKET;69561;2;69559.0;18.0;69558.0;21.0;69571;2;69572.0;18.0;69573.0;21.0;69565.5;0.0
3;7700;GIFT_BASKET;69561;2;69560.0;20.0;69559.0;18.0;69571;2;69572.0;20.0;69573.0;18.0;69566.0;0.0
3;7800;GIFT_BASKET;69567;2;69566.0;12.0;69564.0;21.0;69577;2;69578.0;12.0;69579.0;21.0;69571.5;0.0
3;7900;GIFT_BASKET;69555;1;69554.0;20.0;69553.0;20.0;69566;1;69567.0;20.0;69568.0;20.0;69560.5;0.0
3;8000;GIFT_BASKET;69555;2;69554.0;12.0;69553.0;23.0;69566;2;69567.0;12.0;69568.0;23.0;69560.5;0.0
3;8100;GIFT_BASKET;69558;2;69557.0;12.0;69555.0;27.0;69568;2;69569.0;12.0;69570.0;27.0;69562.5;0.0
3;8200;GIFT_BASKET;69561;1;69560.0;19.0;69559.0;22.0;69572;1;69573.0;19.0;69574.0;22.0;69566.5;0.0
3;8300;GIFT_BASKET;69556;16;69555.0;28.0;;;69569;16;69570.0;28.0;;;69562.5;0.0
3;8400;GIFT_BASKET;69552;1;69551.0;16.0;69550.0;26.0;69563;1;69564.0;16.0;69565.0;26.0;69557.5;0.0
3;8500;GIFT_BASKET;69544;2;69543.0;16.0;69542.0;29.0;69554;2;69556.0;16.0;69557.0;29.0;69549.5;0.0
3;8600;GIFT_BASKET;69540;2;69539.0;18.0;69538.0;16.0;69551;2;69552.0;18.0;69553.0;16.0;69545.5;0.0
3;8700;GIFT_BASKET;69553;2;69552.0;19.0;69551.0;19.0;69563;2;69564.0;19.0;69565.0;19.0;69558.0;0.0
3;8800;GIFT_BASKET;69557;2;69556.0;10.0;69555.0;21.0;69568;2;69569.0;10.0;69570.0;21.0;69562.5;0.0
3;8900;GIFT_BASKET;69561;1;69560.0;12.0;69559.0;18.0;69572;1;69573.0;12.0;69574.0;18.0;69566.5;0.0
3;9000;GIFT_BASKET;69557;20;69556.0;17.0;;;69570;20;69571.0;17.0;;;69563.5;0.0
3;9100;GIFT_BASKET;69560;1;69559.0;16.0;69558.0;27.0;69571;1;69572.0;16.0;69573.0;27.0;69565.5;0.0
3;9200;GIFT_BASKET;69574;2;69573.0;18.0;69572.0;18.0;69579;7;69585.0;2.0;69586.0;18.0;69579.5;0.0
3;9300;GIFT_BASKET;69579;1;69578.0;16.0;69577.0;19.0;69590;1;69591.0;16.0;69592.0;19.0;69584.5;0.0
3;9400;GIFT_BASKET;69585;2;69584.0;19.0;69583.0;27.0;69596;2;69597.0;19.0;69598.0;27.0;69590.5;0.0
3;9500;GIFT_BASKET;69580;2;69579.0;18.0;69578.0;30.0;69591;2;69592.0;18.0;69593.0;30.0;69585.5;0.0
3;9600;GIFT_BASKET;69586;5;69580.0;11.0;69579.0;17.0;69593;11;69594.0;17.0;;;69586.5;0.0
3;9700;GIFT_BASKET;69571;2;69569.0;13.0;69568.0;15.0;69581;2;69582.0;13.0;69583.0;15.0;69575.5;0.0
3;9800;GIFT_BASKET;69565;13;69564.0;27.0;;;69571;3;69578.0;13.0;69579.0;27.0;69571.5;0.0
3;9900;GIFT_BASKET;69558;1;69557.0;12.0;69556.0;26.0;69569;1;69570.0;12.0;69571.0;26.0;69563.5;0.0
3;10000;GIFT_BASKET;69564;2;69563.0;12.0;69562.0;16.0;69575;2;69576.0;12.0;69577.0;16.0;69569.5;0.0
3;10100;GIFT_BASKET;69569;1;69567.0;10.0;69566.0;17.0;69579;1;69580.0;10.0;69581.0;17.0;69573.5;0.0
3;10200;GIFT_BASKET;69569;2;69568.0;14.0;69567.0;26.0;69580;2;69581.0;14.0;69582.0;26.0;69574.5;0.0
3;10300;GIFT_BASKET;69569;2;69568.0;14.0;69567.0;15.0;69580;2;69581.0;14.0;69582.0;15.0;69574.5;0.0
3;10400;GIFT_BASKET;69577;2;69576.0;12.0;69575.0;25.0;69588;2;69589.0;12.0;69590.0;25.0;69582.5;0.0
3;10500;GIFT_BASKET;69587;2;69586.0;20.0;69585.0;16.0;69598;2;69599.0;20.0;69600.0;16.0;69592.5;0.0
3;10600;GIFT_BASKET;69582;1;69581.0;19.0;69580.0;19.0;69593;1;69594.0;19.0;69595.0;19.0;69587.5;0.0
3;10700;GIFT_BASKET;69596;1;69595.0;14.0;69593.0;22.0;69606;1;69607.0;14.0;69608.0;22.0;69600.5;0.0
3;10800;GIFT_BASKET;69594;18;69593.0;27.0;;;69607;18;69608.0;27.0;;;69600.5;0.0
3;10900;GIFT_BASKET;69602;2;69601.0;16.0;69600.0;25.0;69612;2;69613.0;16.0;69614.0;25.0;69607.0;0.0
3;11000;GIFT_BASKET;69594;1;69593.0;18.0;69592.0;21.0;69599;7;69605.0;1.0;69606.0;18.0;69599.0;0.0
3;11100;GIFT_BASKET;69594;2;69592.0;15.0;69591.0;21.0;69604;2;69605.0;15.0;69606.0;21.0;69598.5;0.0
3;11200;GIFT_BASKET;69587;1;69586.0;10.0;69585.0;28.0;69597;1;69598.0;10.0;69599.0;28.0;69592.0;0.0
3;11300;GIFT_BASKET;69575;11;69574.0;27.0;;;69588;11;69589.0;27.0;;;69581.5;0.0
3;11400;GIFT_BASKET;69567;19;69566.0;25.0;;;69579;19;69580.0;25.0;;;69573.0;0.0
3;11500;GIFT_BASKET;69570;17;69569.0;18.0;;;69583;17;69584.0;18.0;;;69576.5;0.0
3;11600;GIFT_BASKET;69572;14;69571.0;29.0;;;69585;14;69586.0;29.0;;;69578.5;0.0
3;11700;GIFT_BASKET;69573;2;69572.0;14.0;69571.0;18.0;69584;2;69585.0;14.0;69586.0;18.0;69578.5;0.0
3;11800;GIFT_BASKET;69572;10;69571.0;23.0;;;69585;10;69586.0;23.0;;;69578.5;0.0
3;11900;GIFT_BASKET;69579;2;69578.0;20.0;69577.0;21.0;69590;2;69591.0;20.0;69592.0;21.0;69584.5;0.0
3;12000;GIFT_BASKET;69578;11;69577.0;15.0;;;69591;11;69592.0;15.0;;;69584.5;0.0
3;12100;GIFT_BASKET;69569;14;69568.0;23.0;;;69582;14;69583.0;23.0;;;69575.5;0.0
3;12200;GIFT_BASKET;69563;1;69562.0;18.0;69561.0;20.0;69574;1;69575.0;18.0;69576.0;20.0;69568.5;0.0
3;12300;GIFT_BASKET;69572;2;69571.0;12.0;69570.0;17.0;69583;2;69584.0;12.0;69585.0;17.0;69577.5;0.0
3;12400;GIFT_BASKET;69568;1;69567.0;10.0;69566.0;21.0;69579;1;69580.0;10.0;69581.0;21.0;69573.5;0.0
3;12500;GIFT_BASKET;69560;12;69559.0;21.0;;;69573;12;69574.0;21.0;;;69566.5;0.0
3;12600;GIFT_BASKET;69588;5;69578.0;1.0;69576.0;16.0;69589;16;69590.0;15.0;;;69582.5;0.0
3;12700;GIFT_BASKET;69578;10;69577.0;20.0;;;69591;10;69592.0;20.0;;;69584.5;0.0
3;12800;GIFT_BASKET;69589;3;69584.0;2.0;69583.0;16.0;69594;2;69595.0;16.0;69597.0;27.0;69590.0;0.0
3;12900;GIFT_BASKET;69599;2;69598.0;18.0;69597.0;16.0;69604;2;69610.0;2.0;69611.0;18.0;69604.5;0.0
3;13000;GIFT_BASKET;69599;1;69598.0;10.0;69597.0;29.0;69609;1;69610.0;10.0;69611.0;29.0;69604.0;0.0
3;13100;GIFT_BASKET;69589;1;69588.0;17.0;69586.0;29.0;69599;1;69600.0;17.0;69601.0;29.0;69593.5;0.0
3;13200;GIFT_BASKET;69596;3;69591.0;1.0;69590.0;15.0;69602;1;69603.0;15.0;69604.0;22.0;69597.0;0.0
3;13300;GIFT_BASKET;69592;1;69591.0;18.0;69590.0;18.0;69602;1;69604.0;18.0;69605.0;18.0;69597.5;0.0
3;13400;GIFT_BASKET;69580;10;69579.0;18.0;;;69586;3;69593.0;10.0;69594.0;18.0;69586.5;0.0
3;13500;GIFT_BASKET;69578;2;69576.0;11.0;69575.0;30.0;69588;2;69589.0;11.0;69590.0;30.0;69582.5;0.0
3;13600;GIFT_BASKET;69564;14;69563.0;28.0;;;69577;14;69578.0;28.0;;;69570.5;0.0
3;13700;GIFT_BASKET;69565;3;69560.0;2.0;69559.0;19.0;69570;2;69571.0;19.0;69572.0;22.0;69565.5;0.0
3;13800;GIFT_BASKET;69555;14;69554.0;18.0;;;69568;14;69569.0;18.0;;;69561.5;0.0
3;13900;GIFT_BASKET;69557;2;69556.0;20.0;69555.0;19.0;69568;2;69569.0;20.0;69570.0;19.0;69562.5;0.0
3;14000;GIFT_BASKET;69555;2;69554.0;20.0;69553.0;22.0;69566;2;69567.0;20.0;69568.0;22.0;69560.5;0.0
3;14100;GIFT_BASKET;69557;1;69556.0;11.0;69554.0;25.0;69567;1;69568.0;11.0;69569.0;25.0;69561.5;0.0
3;14200;GIFT_BASKET;69559;2;69558.0;11.0;69557.0;23.0;69570;2;69571.0;11.0;69572.0;23.0;69564.5;0.0
3;14300;GIFT_BASKET;69569;1;69568.0;16.0;69567.0;19.0;69580;1;69581.0;16.0;69582.0;19.0;69574.5;0.0
3;14400;GIFT_BASKET;69567;2;69566.0;17.0;69565.0;19.0;69578;2;69579.0;17.0;69580.0;19.0;69572.5;0.0
3;14500;GIFT_BASKET;69552;2;69551.0;20.0;69550.0;30.0;69563;2;69564.0;20.0;69565.0;30.0;69557.5;0.0
3;14600;GIFT_BASKET;69555;1;69554.0;17.0;69553.0;20.0;69565;1;69566.0;17.0;69567.0;20.0;69560.0;0.0
3;14700;GIFT_BASKET;69549;12;69548.0;21.0;;;69555;2;69562.0;12.0;69563.0;21.0;69555.5;0.0
3;14800;GIFT_BASKET;69543;1;69542.0;13.0;69541.0;16.0;69554;1;69555.0;13.0;69556.0;16.0;69548.5;0.0
3;14900;GIFT_BASKET;69547;2;69546.0;18.0;69545.0;18.0;69552;5;69558.0;2.0;69559.0;18.0;69552.5;0.0
3;15000;GIFT_BASKET;69565;5;69555.0;1.0;69554.0;20.0;69566;1;69567.0;20.0;69568.0;25.0;69561.0;0.0
3;15100;GIFT_BASKET;69549;1;69548.0;11.0;69547.0;20.0;69560;1;69561.0;11.0;69562.0;20.0;69554.5;0.0
3;15200;GIFT_BASKET;69553;12;69552.0;21.0;;;69566;12;69567.0;21.0;;;69559.5;0.0
3;15300;GIFT_BASKET;69561;6;69551.0;2.0;69550.0;15.0;69562;2;69563.0;15.0;69564.0;16.0;69557.0;0.0
3;15400;GIFT_BASKET;69534;14;69533.0;25.0;;;69547;14;69548.0;25.0;;;69540.5;0.0
3;15500;GIFT_BASKET;69543;2;69542.0;20.0;69541.0;22.0;69554;2;69555.0;20.0;69556.0;22.0;69548.5;0.0
3;15600;GIFT_BASKET;69542;3;69532.0;1.0;69531.0;19.0;69543;19;69544.0;18.0;;;69537.0;0.0
3;15700;GIFT_BASKET;69528;16;69527.0;21.0;;;69541;16;69542.0;21.0;;;69534.5;0.0
3;15800;GIFT_BASKET;69543;19;69542.0;25.0;;;69556;19;69557.0;25.0;;;69549.5;0.0
3;15900;GIFT_BASKET;69553;2;69552.0;16.0;69551.0;26.0;69564;2;69565.0;16.0;69566.0;26.0;69558.5;0.0
3;16000;GIFT_BASKET;69549;10;69548.0;27.0;;;69561;10;69562.0;27.0;;;69555.0;0.0
3;16100;GIFT_BASKET;69548;2;69547.0;19.0;69546.0;23.0;69559;2;69560.0;19.0;69561.0;23.0;69553.5;0.0
3;16200;GIFT_BASKET;69567;2;69562.0;1.0;69561.0;15.0;69573;1;69574.0;15.0;69575.0;26.0;69568.0;0.0
3;16300;GIFT_BASKET;69557;1;69556.0;13.0;69555.0;17.0;69568;1;69569.0;13.0;69570.0;17.0;69562.5;0.0
3;16400;GIFT_BASKET;69548;1;69547.0;11.0;69546.0;15.0;69559;1;69560.0;11.0;69561.0;15.0;69553.5;0.0
3;16500;GIFT_BASKET;69548;11;69547.0;19.0;;;69561;11;69562.0;19.0;;;69554.5;0.0
3;16600;GIFT_BASKET;69540;1;69538.0;13.0;69537.0;26.0;69550;1;69551.0;13.0;69552.0;26.0;69544.5;0.0
3;16700;GIFT_BASKET;69529;2;69527.0;16.0;69526.0;16.0;69539;2;69540.0;16.0;69541.0;16.0;69533.5;0.0
3;16800;GIFT_BASKET;69533;1;69531.0;17.0;69530.0;16.0;69543;1;69544.0;17.0;69545.0;16.0;69537.5;0.0
3;16900;GIFT_BASKET;69529;1;69528.0;19.0;69527.0;20.0;69540;1;69541.0;19.0;69542.0;20.0;69534.5;0.0
3;17000;GIFT_BASKET;69526;2;69525.0;18.0;69524.0;22.0;69537;2;69538.0;18.0;69539.0;22.0;69531.5;0.0
3;17100;GIFT_BASKET;69532;2;69531.0;16.0;69530.0;19.0;69542;2;69543.0;16.0;69544.0;19.0;69537.0;0.0
3;17200;GIFT_BASKET;69531;1;69530.0;19.0;69529.0;15.0;69542;1;69543.0;19.0;69544.0;15.0;69536.5;0.0
3;17300;GIFT_BASKET;69539;12;69538.0;27.0;;;69545;5;69552.0;12.0;69553.0;27.0;69545.5;0.0
3;17400;GIFT_BASKET;69530;12;69529.0;19.0;;;69542;12;69543.0;19.0;;;69536.0;0.0
3;17500;GIFT_BASKET;69539;1;69538.0;19.0;69537.0;20.0;69549;1;69550.0;19.0;69552.0;20.0;69544.5;0.0
3;17600;GIFT_BASKET;69544;2;69543.0;16.0;69542.0;22.0;69555;2;69556.0;16.0;69557.0;22.0;69549.5;0.0
3;17700;GIFT_BASKET;69549;13;69548.0;28.0;;;69561;13;69563.0;28.0;;;69555.5;0.0
3;17800;GIFT_BASKET;69548;20;69547.0;30.0;;;69561;20;69562.0;30.0;;;69554.5;0.0
3;17900;GIFT_BASKET;69547;1;69546.0;10.0;69545.0;28.0;69558;1;69559.0;10.0;69560.0;28.0;69552.5;0.0
3;18000;GIFT_BASKET;69538;1;69537.0;17.0;69536.0;26.0;69549;1;69550.0;17.0;69551.0;26.0;69543.5;0.0
3;18100;GIFT_BASKET;69534;1;69533.0;14.0;69532.0;21.0;69545;1;69546.0;14.0;69547.0;21.0;69539.5;0.0
3;18200;GIFT_BASKET;69542;1;69541.0;12.0;69540.0;17.0;69553;1;69554.0;12.0;69555.0;17.0;69547.5;0.0
3;18300;GIFT_BASKET;69550;1;69549.0;14.0;69548.0;26.0;69561;1;69562.0;14.0;69563.0;26.0;69555.5;0.0
3;18400;GIFT_BASKET;69543;1;69542.0;11.0;69541.0;17.0;69553;1;69554.0;11.0;69555.0;17.0;69548.0;0.0
3;18500;GIFT_BASKET;69543;1;69542.0;16.0;69541.0;21.0;69554;1;69555.0;16.0;69556.0;21.0;69548.5;0.0
3;18600;GIFT_BASKET;69538;11;69537.0;23.0;;;69551;11;69552.0;23.0;;;69544.5;0.0
3;18700;GIFT_BASKET;69518;13;69517.0;19.0;;;69531;13;69532.0;19.0;;;69524.5;0.0
3;18800;GIFT_BASKET;69517;2;69515.0;15.0;69514.0;17.0;69527;2;69528.0;15.0;69529.0;17.0;69521.5;0.0
3;18900;GIFT_BASKET;69526;16;69525.0;27.0;;;69538;16;69539.0;27.0;;;69532.0;0.0
3;19000;GIFT_BASKET;69532;1;69531.0;11.0;69530.0;18.0;69543;1;69544.0;11.0;69545.0;18.0;69537.5;0.0
3;19100;GIFT_BASKET;69543;1;69542.0;10.0;69541.0;25.0;69553;1;69554.0;10.0;69555.0;25.0;69548.0;0.0
3;19200;GIFT_BASKET;69538;14;69537.0;26.0;;;69544;2;69551.0;14.0;69552.0;26.0;69544.5;0.0
3;19300;GIFT_BASKET;69542;1;69537.0;2.0;69536.0;13.0;69548;2;69549.0;13.0;69550.0;29.0;69543.0;0.0
3;19400;GIFT_BASKET;69530;2;69529.0;12.0;69528.0;27.0;69540;2;69541.0;12.0;69542.0;27.0;69535.0;0.0
3;19500;GIFT_BASKET;69532;5;69527.0;2.0;69526.0;16.0;69538;2;69539.0;16.0;69540.0;15.0;69532.5;0.0
3;19600;GIFT_BASKET;69516;12;69515.0;21.0;;;69529;12;69530.0;21.0;;;69522.5;0.0
3;19700;GIFT_BASKET;69523;11;69521.0;27.0;;;69535;11;69536.0;27.0;;;69528.5;0.0
3;19800;GIFT_BASKET;69513;1;69512.0;13.0;69511.0;26.0;69524;1;69525.0;13.0;69526.0;26.0;69518.5;0.0
3;19900;GIFT_BASKET;69509;1;69508.0;13.0;69507.0;28.0;69520;1;69521.0;13.0;69522.0;28.0;69514.5;0.0
3;20000;GIFT_BASKET;69509;2;69508.0;15.0;69507.0;29.0;69520;2;69521.0;15.0;69522.0;29.0;69514.5;0.0
3;20100;GIFT_BASKET;69502;2;69501.0;11.0;69500.0;19.0;69513;2;69514.0;11.0;69515.0;19.0;69507.5;0.0
3;20200;GIFT_BASKET;69516;7;69504.0;12.0;69503.0;24.0;69517;12;69518.0;24.0;;;69510.5;0.0
3;20300;GIFT_BASKET;69508;12;69507.0;30.0;;;69521;12;69522.0;30.0;;;69514.5;0.0
3;20400;GIFT_BASKET;69517;2;69516.0;11.0;69515.0;30.0;69528;2;69529.0;11.0;69530.0;30.0;69522.5;0.0
3;20500;GIFT_BASKET;69516;1;69515.0;16.0;69514.0;23.0;69527;1;69528.0;16.0;69529.0;23.0;69521.5;0.0
3;20600;GIFT_BASKET;69507;20;69506.0;18.0;;;69520;20;69521.0;18.0;;;69513.5;0.0
3;20700;GIFT_BASKET;69500;12;69499.0;18.0;;;69513;12;69514.0;18.0;;;69506.5;0.0
3;20800;GIFT_BASKET;69496;1;69495.0;19.0;69494.0;27.0;69501;6;69507.0;1.0;69508.0;19.0;69501.0;0.0
3;20900;GIFT_BASKET;69497;1;69496.0;14.0;69495.0;28.0;69508;1;69509.0;14.0;69510.0;28.0;69502.5;0.0
3;21000;GIFT_BASKET;69494;2;69493.0;11.0;69491.0;15.0;69504;2;69505.0;11.0;69506.0;15.0;69498.5;0.0
3;21100;GIFT_BASKET;69505;2;69504.0;20.0;69503.0;17.0;69516;2;69517.0;20.0;69518.0;17.0;69510.5;0.0
3;21200;GIFT_BASKET;69510;3;69505.0;1.0;69504.0;13.0;69516;1;69517.0;13.0;69518.0;21.0;69511.0;0.0
3;21300;GIFT_BASKET;69504;2;69503.0;11.0;69502.0;20.0;69515;2;69516.0;11.0;69517.0;20.0;69509.5;0.0
3;21400;GIFT_BASKET;69510;17;69509.0;20.0;;;69523;17;69524.0;20.0;;;69516.5;0.0
3;21500;GIFT_BASKET;69532;5;69521.0;1.0;69520.0;17.0;69533;17;69534.0;30.0;;;69527.0;0.0
3;21600;GIFT_BASKET;69520;5;69514.0;14.0;69513.0;25.0;69527;14;69528.0;25.0;;;69520.5;0.0
3;21700;GIFT_BASKET;69516;2;69515.0;13.0;69514.0;15.0;69527;2;69528.0;13.0;69529.0;15.0;69521.5;0.0
3;21800;GIFT_BASKET;69525;2;69524.0;13.0;69523.0;22.0;69536;2;69537.0;13.0;69538.0;22.0;69530.5;0.0
3;21900;GIFT_BASKET;69525;2;69524.0;17.0;69523.0;30.0;69535;2;69536.0;17.0;69537.0;30.0;69530.0;0.0
3;22000;GIFT_BASKET;69527;1;69526.0;10.0;69525.0;26.0;69537;1;69538.0;10.0;69539.0;26.0;69532.0;0.0
3;22100;GIFT_BASKET;69539;1;69538.0;11.0;69537.0;30.0;69549;1;69550.0;11.0;69551.0;30.0;69544.0;0.0
3;22200;GIFT_BASKET;69537;1;69536.0;18.0;69535.0;17.0;69542;1;69548.0;1.0;69549.0;18.0;69542.5;0.0
3;22300;GIFT_BASKET;69521;1;69520.0;10.0;69519.0;23.0;69532;1;69533.0;10.0;69534.0;23.0;69526.5;0.0
3;22400;GIFT_BASKET;69532;1;69531.0;12.0;69530.0;15.0;69542;1;69543.0;12.0;69544.0;15.0;69537.0;0.0
3;22500;GIFT_BASKET;69521;12;69520.0;25.0;;;69533;12;69534.0;25.0;;;69527.0;0.0
3;22600;GIFT_BASKET;69540;8;69528.0;15.0;69527.0;23.0;69541;15;69542.0;23.0;;;69534.5;0.0
3;22700;GIFT_BASKET;69538;2;69536.0;13.0;69535.0;29.0;69548;2;69549.0;13.0;69550.0;29.0;69542.5;0.0
3;22800;GIFT_BASKET;69524;13;69523.0;15.0;;;69536;13;69537.0;15.0;;;69530.0;0.0
3;22900;GIFT_BASKET;69519;1;69518.0;14.0;69516.0;19.0;69529;1;69530.0;14.0;69531.0;19.0;69523.5;0.0
3;23000;GIFT_BASKET;69523;1;69522.0;13.0;69521.0;27.0;69534;1;69535.0;13.0;69536.0;27.0;69528.5;0.0
3;23100;GIFT_BASKET;69520;2;69519.0;10.0;69518.0;25.0;69531;2;69532.0;10.0;69533.0;25.0;69525.5;0.0
3;23200;GIFT_BASKET;69526;1;69525.0;20.0;69524.0;27.0;69537;1;69538.0;20.0;69539.0;27.0;69531.5;0.0
3;23300;GIFT_BASKET;69533;1;69532.0;12.0;69531.0;27.0;69543;1;69544.0;12.0;69545.0;27.0;69538.0;0.0
3;23400;GIFT_BASKET;69535;2;69534.0;10.0;69533.0;15.0;69546;2;69547.0;10.0;69548.0;15.0;69540.5;0.0
3;23500;GIFT_BASKET;69517;18;69516.0;28.0;;;69530;18;69531.0;28.0;;;69523.5;0.0
3;23600;GIFT_BASKET;69511;12;69510.0;26.0;;;69524;12;69525.0;26.0;;;69517.5;0.0
3;23700;GIFT_BASKET;69507;19;69506.0;20.0;;;69520;19;69521.0;20.0;;;69513.5;0.0
3;23800;GIFT_BASKET;69516;2;69515.0;19.0;69514.0;27.0;69527;2;69528.0;19.0;69529.0;27.0;69521.5;0.0
3;23900;GIFT_BASKET;69514;11;69513.0;19.0;;;69527;11;69528.0;19.0;;;69520.5;0.0
3;24000;GIFT_BASKET;69524;2;69523.0;19.0;69522.0;27.0;69534;2;69535.0;19.0;69536.0;27.0;69529.0;0.0
3;24100;GIFT_BASKET;69524;2;69523.0;13.0;69522.0;23.0;69535;2;69536.0;13.0;69537.0;23.0;69529.5;0.0
3;24200;GIFT_BASKET;69525;1;69524.0;12.0;69523.0;16.0;69536;1;69537.0;12.0;69538.0;16.0;69530.5;0.0
3;24300;GIFT_BASKET;69515;17;69514.0;28.0;;;69528;17;69529.0;28.0;;;69521.5;0.0
3;24400;GIFT_BASKET;69503;2;69502.0;17.0;69501.0;23.0;69514;2;69515.0;17.0;69516.0;23.0;69508.5;0.0
3;24500;GIFT_BASKET;69509;2;69508.0;12.0;69507.0;23.0;69520;2;69521.0;12.0;69522.0;23.0;69514.5;0.0
3;24600;GIFT_BASKET;69496;12;69495.0;28.0;;;69509;12;69510.0;28.0;;;69502.5;0.0
3;24700;GIFT_BASKET;69497;1;69496.0;15.0;69495.0;23.0;69508;1;69509.0;15.0;69510.0;23.0;69502.5;0.0
3;24800;GIFT_BASKET;69491;2;69490.0;18.0;69489.0;22.0;69502;2;69503.0;18.0;69504.0;22.0;69496.5;0.0
3;24900;GIFT_BASKET;69487;13;69486.0;22.0;;;69500;13;69501.0;22.0;;;69493.5;0.0
3;25000;GIFT_BASKET;69489;15;69488.0;15.0;;;69502;15;69503.0;15.0;;;69495.5;0.0
3;25100;GIFT_BASKET;69492;2;69491.0;11.0;69490.0;17.0;69502;2;69503.0;11.0;69504.0;17.0;69497.0;0.0
3;25200;GIFT_BASKET;69493;19;69492.0;20.0;;;69505;19;69506.0;20.0;;;69499.0;0.0
3;25300;GIFT_BASKET;69489;15;69488.0;23.0;;;69502;15;69503.0;23.0;;;69495.5;0.0
3;25400;GIFT_BASKET;69490;1;69489.0;17.0;69487.0;30.0;69500;1;69501.0;17.0;69502.0;30.0;69494.5;0.0
3;25500;GIFT_BASKET;69490;2;69489.0;18.0;69488.0;30.0;69501;2;69502.0;18.0;69503.0;30.0;69495.5;0.0
3;25600;GIFT_BASKET;69493;2;69492.0;13.0;69491.0;20.0;69503;2;69504.0;13.0;69505.0;20.0;69498.0;0.0
3;25700;GIFT_BASKET;69499;4;69493.0;19.0;69492.0;20.0;69505;19;69506.0;20.0;;;69499.0;0.0
3;25800;GIFT_BASKET;69486;2;69485.0;10.0;69484.0;22.0;69497;2;69498.0;10.0;69499.0;22.0;69491.5;0.0
3;25900;GIFT_BASKET;69482;2;69481.0;13.0;69480.0;21.0;69493;2;69494.0;13.0;69495.0;21.0;69487.5;0.0
3;26000;GIFT_BASKET;69494;1;69493.0;19.0;69492.0;20.0;69505;1;69506.0;19.0;69507.0;20.0;69499.5;0.0
3;26100;GIFT_BASKET;69495;2;69494.0;17.0;69493.0;18.0;69505;2;69506.0;17.0;69507.0;18.0;69500.0;0.0
3;26200;GIFT_BASKET;69497;18;69496.0;20.0;;;69510;18;69511.0;20.0;;;69503.5;0.0
3;26300;GIFT_BASKET;69506;2;69505.0;11.0;69504.0;17.0;69517;2;69518.0;11.0;69519.0;17.0;69511.5;0.0
3;26400;GIFT_BASKET;69499;1;69498.0;14.0;69497.0;17.0;69510;1;69511.0;14.0;69512.0;17.0;69504.5;0.0
3;26500;GIFT_BASKET;69500;2;69499.0;18.0;69498.0;18.0;69510;2;69511.0;18.0;69512.0;18.0;69505.0;0.0
3;26600;GIFT_BASKET;69509;1;69508.0;12.0;69507.0;19.0;69520;1;69521.0;12.0;69522.0;19.0;69514.5;0.0
3;26700;GIFT_BASKET;69496;14;69495.0;21.0;;;69502;1;69509.0;14.0;69510.0;21.0;69502.5;0.0
3;26800;GIFT_BASKET;69507;1;69506.0;15.0;69505.0;29.0;69518;1;69519.0;15.0;69520.0;29.0;69512.5;0.0
3;26900;GIFT_BASKET;69513;1;69507.0;18.0;69506.0;26.0;69520;18;69521.0;26.0;;;69513.5;0.0
3;27000;GIFT_BASKET;69511;3;69506.0;1.0;69505.0;19.0;69517;1;69518.0;19.0;69519.0;22.0;69512.0;0.0
3;27100;GIFT_BASKET;69500;1;69499.0;16.0;69498.0;17.0;69511;1;69512.0;16.0;69513.0;17.0;69505.5;0.0
3;27200;GIFT_BASKET;69505;2;69495.0;2.0;69494.0;17.0;69506;2;69507.0;17.0;69508.0;30.0;69501.0;0.0
3;27300;GIFT_BASKET;69494;1;69493.0;16.0;69492.0;20.0;69504;1;69505.0;16.0;69506.0;20.0;69499.0;0.0
3;27400;GIFT_BASKET;69490;2;69489.0;10.0;69488.0;24.0;69501;2;69502.0;10.0;69503.0;24.0;69495.5;0.0
3;27500;GIFT_BASKET;69480;15;69479.0;19.0;;;69493;15;69494.0;19.0;;;69486.5;0.0
3;27600;GIFT_BASKET;69470;2;69469.0;10.0;69468.0;25.0;69481;2;69482.0;10.0;69483.0;25.0;69475.5;0.0
3;27700;GIFT_BASKET;69480;16;69479.0;21.0;;;69493;16;69494.0;21.0;;;69486.5;0.0
3;27800;GIFT_BASKET;69491;8;69486.0;1.0;69485.0;11.0;69497;1;69498.0;11.0;69499.0;16.0;69492.0;0.0
3;27900;GIFT_BASKET;69477;11;69476.0;15.0;;;69490;11;69491.0;15.0;;;69483.5;0.0
3;28000;GIFT_BASKET;69475;17;69474.0;16.0;;;69487;17;69488.0;16.0;;;69481.0;0.0
3;28100;GIFT_BASKET;69470;2;69469.0;12.0;69468.0;17.0;69480;2;69482.0;12.0;69483.0;17.0;69475.5;0.0
3;28200;GIFT_BASKET;69481;5;69471.0;2.0;69470.0;19.0;69482;2;69483.0;19.0;69484.0;25.0;69477.0;0.0
3;28300;GIFT_BASKET;69456;2;69455.0;11.0;69453.0;18.0;69466;2;69467.0;11.0;69468.0;18.0;69460.5;0.0
3;28400;GIFT_BASKET;69463;8;69458.0;1.0;69457.0;14.0;69469;1;69470.0;14.0;69471.0;25.0;69464.0;0.0
3;28500;GIFT_BASKET;69474;10;69473.0;29.0;;;69487;10;69488.0;29.0;;;69480.5;0.0
3;28600;GIFT_BASKET;69473;10;69472.0;17.0;;;69486;10;69487.0;17.0;;;69479.5;0.0
3;28700;GIFT_BASKET;69484;1;69483.0;13.0;69482.0;20.0;69495;1;69496.0;13.0;69497.0;20.0;69489.5;0.0
3;28800;GIFT_BASKET;69478;1;69477.0;19.0;69476.0;15.0;69489;1;69490.0;19.0;69491.0;15.0;69483.5;0.0
3;28900;GIFT_BASKET;69477;1;69476.0;13.0;69475.0;22.0;69487;1;69488.0;13.0;69489.0;22.0;69482.0;0.0
3;29000;GIFT_BASKET;69484;2;69483.0;15.0;69482.0;17.0;69494;2;69495.0;15.0;69496.0;17.0;69489.0;0.0
3;29100;GIFT_BASKET;69492;1;69491.0;16.0;69490.0;30.0;69503;1;69504.0;16.0;69505.0;30.0;69497.5;0.0
3;29200;GIFT_BASKET;69493;1;69488.0;2.0;69487.0;18.0;69499;2;69500.0;18.0;69501.0;29.0;69494.0;0.0
3;29300;GIFT_BASKET;69495;11;69494.0;17.0;;;69496;4;69507.0;1.0;69508.0;11.0;69501.0;0.0
3;29400;GIFT_BASKET;69477;2;69476.0;11.0;69475.0;29.0;69489;11;69490.0;29.0;;;69482.5;0.0
3;29500;GIFT_BASKET;69479;1;69478.0;11.0;69477.0;27.0;69484;2;69489.0;1.0;69490.0;11.0;69483.5;0.0
3;29600;GIFT_BASKET;69478;1;69477.0;11.0;69476.0;24.0;69489;1;69490.0;11.0;69491.0;24.0;69483.5;0.0
3;29700;GIFT_BASKET;69467;20;69466.0;19.0;;;69479;20;69480.0;19.0;;;69473.0;0.0
3;29800;GIFT_BASKET;69465;1;69464.0;18.0;69463.0;29.0;69476;1;69477.0;18.0;69478.0;29.0;69470.5;0.0
3;29900;GIFT_BASKET;69475;2;69474.0;11.0;69473.0;17.0;69486;2;69487.0;11.0;69488.0;17.0;69480.5;0.0
3;30000;GIFT_BASKET;69484;1;69483.0;14.0;69482.0;29.0;69495;1;69496.0;14.0;69497.0;29.0;69489.5;0.0
3;30100;GIFT_BASKET;69484;1;69483.0;12.0;69482.0;18.0;69494;1;69496.0;12.0;69497.0;18.0;69489.5;0.0
3;30200;GIFT_BASKET;69471;1;69470.0;10.0;69469.0;28.0;69482;1;69483.0;10.0;69484.0;28.0;69476.5;0.0
3;30300;GIFT_BASKET;69474;2;69472.0;11.0;69471.0;18.0;69484;2;69485.0;11.0;69486.0;18.0;69478.5;0.0
3;30400;GIFT_BASKET;69481;1;69480.0;11.0;69479.0;28.0;69492;1;69493.0;11.0;69494.0;28.0;69486.5;0.0
3;30500;GIFT_BASKET;69487;2;69486.0;12.0;69485.0;28.0;69498;2;69499.0;12.0;69500.0;28.0;69492.5;0.0
3;30600;GIFT_BASKET;69494;2;69493.0;19.0;69492.0;15.0;69505;2;69506.0;19.0;69507.0;15.0;69499.5;0.0
3;30700;GIFT_BASKET;69496;2;69495.0;18.0;69494.0;15.0;69507;2;69508.0;18.0;69509.0;15.0;69501.5;0.0
3;30800;GIFT_BASKET;69497;1;69496.0;16.0;69495.0;19.0;69508;1;69509.0;16.0;69510.0;19.0;69502.5;0.0
3;30900;GIFT_BASKET;69510;1;69509.0;20.0;69508.0;23.0;69521;1;69522.0;20.0;69523.0;23.0;69515.5;0.0
3;31000;GIFT_BASKET;69516;16;69515.0;24.0;;;69529;16;69530.0;24.0;;;69522.5;0.0
3;31100;GIFT_BASKET;69513;1;69512.0;20.0;69511.0;29.0;69524;1;69525.0;20.0;69526.0;29.0;69518.5;0.0
3;31200;GIFT_BASKET;69515;2;69514.0;17.0;69513.0;15.0;69526;2;69527.0;17.0;69528.0;15.0;69520.5;0.0
3;31300;GIFT_BASKET;69519;2;69518.0;14.0;69517.0;25.0;69530;2;69531.0;14.0;69532.0;25.0;69524.5;0.0
3;31400;GIFT_BASKET;69521;20;69520.0;28.0;;;69534;20;69535.0;28.0;;;69527.5;0.0
3;31500;GIFT_BASKET;69520;1;69519.0;11.0;69518.0;27.0;69531;1;69532.0;11.0;69533.0;27.0;69525.5;0.0
3;31600;GIFT_BASKET;69511;1;69510.0;15.0;69509.0;15.0;69522;1;69523.0;15.0;69524.0;15.0;69516.5;0.0
3;31700;GIFT_BASKET;69514;1;69513.0;17.0;69512.0;25.0;69525;1;69526.0;17.0;69527.0;25.0;69519.5;0.0
3;31800;GIFT_BASKET;69530;1;69529.0;19.0;69528.0;19.0;69541;1;69542.0;19.0;69543.0;19.0;69535.5;0.0
3;31900;GIFT_BASKET;69531;2;69530.0;19.0;69529.0;19.0;69541;2;69542.0;19.0;69543.0;19.0;69536.0;0.0
3;32000;GIFT_BASKET;69514;20;69513.0;26.0;;;69527;20;69528.0;26.0;;;69520.5;0.0
3;32100;GIFT_BASKET;69513;2;69512.0;20.0;69511.0;22.0;69518;8;69523.0;2.0;69524.0;20.0;69517.5;0.0
3;32200;GIFT_BASKET;69514;2;69513.0;14.0;69512.0;15.0;69524;2;69525.0;14.0;69526.0;15.0;69519.0;0.0
3;32300;GIFT_BASKET;69523;13;69522.0;15.0;;;69536;13;69537.0;15.0;;;69529.5;0.0
3;32400;GIFT_BASKET;69519;2;69518.0;17.0;69517.0;18.0;69530;2;69531.0;17.0;69532.0;18.0;69524.5;0.0
3;32500;GIFT_BASKET;69517;1;69516.0;13.0;69515.0;24.0;69528;1;69529.0;13.0;69530.0;24.0;69522.5;0.0
3;32600;GIFT_BASKET;69512;16;69511.0;15.0;;;69524;16;69525.0;15.0;;;69518.0;0.0
3;32700;GIFT_BASKET;69513;1;69512.0;19.0;69511.0;15.0;69523;1;69524.0;19.0;69525.0;15.0;69518.0;0.0
3;32800;GIFT_BASKET;69534;4;69523.0;13.0;69522.0;25.0;69536;13;69537.0;25.0;;;69529.5;0.0
3;32900;GIFT_BASKET;69517;2;69516.0;12.0;69515.0;20.0;69528;2;69529.0;12.0;69530.0;20.0;69522.5;0.0
3;33000;GIFT_BASKET;69516;2;69515.0;13.0;69514.0;20.0;69527;2;69528.0;13.0;69529.0;20.0;69521.5;0.0
3;33100;GIFT_BASKET;69518;1;69517.0;15.0;69516.0;25.0;69529;1;69530.0;15.0;69531.0;25.0;69523.5;0.0
3;33200;GIFT_BASKET;69535;1;69534.0;11.0;69533.0;19.0;69546;1;69547.0;11.0;69548.0;19.0;69540.5;0.0
3;33300;GIFT_BASKET;69540;20;69539.0;20.0;;;69546;4;69553.0;20.0;69554.0;20.0;69546.5;0.0
3;33400;GIFT_BASKET;69545;1;69544.0;16.0;69543.0;20.0;69556;1;69557.0;16.0;69558.0;20.0;69550.5;0.0
3;33500;GIFT_BASKET;69542;1;69541.0;11.0;69540.0;16.0;69553;1;69554.0;11.0;69555.0;16.0;69547.5;0.0
3;33600;GIFT_BASKET;69530;2;69529.0;17.0;69528.0;29.0;69541;2;69542.0;17.0;69543.0;29.0;69535.5;0.0
3;33700;GIFT_BASKET;69526;2;69525.0;20.0;69523.0;22.0;69536;2;69537.0;20.0;69538.0;22.0;69530.5;0.0
3;33800;GIFT_BASKET;69526;19;69525.0;29.0;;;69539;19;69540.0;29.0;;;69532.5;0.0
3;33900;GIFT_BASKET;69534;11;69533.0;24.0;;;69546;11;69547.0;24.0;;;69540.0;0.0
3;34000;GIFT_BASKET;69533;2;69532.0;12.0;69531.0;29.0;69543;2;69544.0;12.0;69546.0;29.0;69538.5;0.0
3;34100;GIFT_BASKET;69542;1;69541.0;13.0;69540.0;20.0;69553;1;69554.0;13.0;69555.0;20.0;69547.5;0.0
3;34200;GIFT_BASKET;69553;20;69552.0;29.0;;;69566;20;69567.0;29.0;;;69559.5;0.0
3;34300;GIFT_BASKET;69561;16;69560.0;25.0;;;69574;16;69575.0;25.0;;;69567.5;0.0
3;34400;GIFT_BASKET;69560;2;69559.0;18.0;69558.0;27.0;69571;2;69572.0;18.0;69573.0;27.0;69565.5;0.0
3;34500;GIFT_BASKET;69560;1;69559.0;15.0;69558.0;21.0;69570;1;69572.0;15.0;69573.0;21.0;69565.5;0.0
3;34600;GIFT_BASKET;69576;1;69575.0;20.0;69574.0;17.0;69587;1;69588.0;20.0;69589.0;17.0;69581.5;0.0
3;34700;GIFT_BASKET;69583;2;69582.0;16.0;69581.0;19.0;69594;2;69595.0;16.0;69596.0;19.0;69588.5;0.0
3;34800;GIFT_BASKET;69582;2;69581.0;20.0;69579.0;15.0;69592;2;69593.0;20.0;69594.0;15.0;69587.0;0.0
3;34900;GIFT_BASKET;69566;2;69565.0;16.0;69564.0;19.0;69577;2;69578.0;16.0;69579.0;19.0;69571.5;0.0
3;35000;GIFT_BASKET;69556;2;69555.0;18.0;69554.0;27.0;69566;2;69568.0;18.0;69569.0;27.0;69561.5;0.0
3;35100;GIFT_BASKET;69542;14;69541.0;18.0;;;69555;14;69556.0;18.0;;;69548.5;0.0
3;35200;GIFT_BASKET;69547;2;69546.0;11.0;69545.0;27.0;69552;7;69558.0;2.0;69559.0;11.0;69552.0;0.0
3;35300;GIFT_BASKET;69553;2;69552.0;15.0;69551.0;29.0;69564;2;69565.0;15.0;69566.0;29.0;69558.5;0.0
3;35400;GIFT_BASKET;69576;14;69575.0;24.0;;;69589;14;69590.0;24.0;;;69582.5;0.0
3;35500;GIFT_BASKET;69598;2;69597.0;16.0;69596.0;18.0;69609;2;69610.0;16.0;69611.0;18.0;69603.5;0.0
3;35600;GIFT_BASKET;69599;1;69598.0;13.0;69597.0;26.0;69610;1;69611.0;13.0;69612.0;26.0;69604.5;0.0
3;35700;GIFT_BASKET;69608;20;69607.0;30.0;;;69621;20;69622.0;30.0;;;69614.5;0.0
3;35800;GIFT_BASKET;69614;14;69613.0;17.0;;;69627;14;69628.0;17.0;;;69620.5;0.0
3;35900;GIFT_BASKET;69617;1;69616.0;10.0;69615.0;21.0;69627;1;69629.0;10.0;69630.0;21.0;69622.5;0.0
3;36000;GIFT_BASKET;69613;15;69612.0;26.0;;;69626;15;69627.0;26.0;;;69619.5;0.0
3;36100;GIFT_BASKET;69601;2;69600.0;10.0;69599.0;30.0;69611;2;69612.0;10.0;69613.0;30.0;69606.0;0.0
3;36200;GIFT_BASKET;69604;2;69603.0;16.0;69602.0;16.0;69614;2;69615.0;16.0;69616.0;16.0;69609.0;0.0
3;36300;GIFT_BASKET;69601;2;69600.0;17.0;69599.0;19.0;69611;2;69612.0;17.0;69613.0;19.0;69606.0;0.0
3;36400;GIFT_BASKET;69589;1;69588.0;14.0;69587.0;23.0;69600;1;69601.0;14.0;69602.0;23.0;69594.5;0.0
3;36500;GIFT_BASKET;69600;2;69599.0;11.0;69598.0;23.0;69611;2;69612.0;11.0;69613.0;23.0;69605.5;0.0
3;36600;GIFT_BASKET;69612;15;69611.0;22.0;;;69625;15;69626.0;22.0;;;69618.5;0.0
3;36700;GIFT_BASKET;69613;1;69612.0;14.0;69611.0;18.0;69624;1;69625.0;14.0;69626.0;18.0;69618.5;0.0
3;36800;GIFT_BASKET;69614;20;69613.0;24.0;;;69627;20;69628.0;24.0;;;69620.5;0.0
3;36900;GIFT_BASKET;69618;10;69617.0;27.0;;;69631;10;69632.0;27.0;;;69624.5;0.0
3;37000;GIFT_BASKET;69626;1;69625.0;17.0;69624.0;27.0;69637;1;69638.0;17.0;69639.0;27.0;69631.5;0.0
3;37100;GIFT_BASKET;69620;2;69619.0;13.0;69618.0;22.0;69631;2;69632.0;13.0;69633.0;22.0;69625.5;0.0
3;37200;GIFT_BASKET;69608;17;69607.0;15.0;;;69621;17;69622.0;15.0;;;69614.5;0.0
3;37300;GIFT_BASKET;69614;1;69613.0;17.0;69612.0;21.0;69625;1;69626.0;17.0;69627.0;21.0;69619.5;0.0
3;37400;GIFT_BASKET;69618;12;69617.0;22.0;;;69630;12;69631.0;22.0;;;69624.0;0.0
3;37500;GIFT_BASKET;69631;2;69630.0;20.0;69629.0;27.0;69642;2;69643.0;20.0;69644.0;27.0;69636.5;0.0
3;37600;GIFT_BASKET;69619;19;69618.0;27.0;;;69632;19;69633.0;27.0;;;69625.5;0.0
3;37700;GIFT_BASKET;69621;1;69620.0;16.0;69619.0;30.0;69631;1;69633.0;16.0;69634.0;30.0;69626.5;0.0
3;37800;GIFT_BASKET;69624;2;69623.0;12.0;69622.0;15.0;69635;2;69636.0;12.0;69637.0;15.0;69629.5;0.0
3;37900;GIFT_BASKET;69623;10;69622.0;18.0;;;69636;10;69637.0;18.0;;;69629.5;0.0
3;38000;GIFT_BASKET;69609;2;69607.0;19.0;69606.0;16.0;69619;2;69620.0;19.0;69621.0;16.0;69613.5;0.0
3;38100;GIFT_BASKET;69614;1;69613.0;20.0;69612.0;18.0;69625;1;69626.0;20.0;69627.0;18.0;69619.5;0.0
3;38200;GIFT_BASKET;69631;1;69630.0;12.0;69629.0;17.0;69636;4;69641.0;1.0;69642.0;12.0;69635.5;0.0
3;38300;GIFT_BASKET;69626;1;69625.0;13.0;69624.0;24.0;69636;1;69637.0;13.0;69639.0;24.0;69631.5;0.0
3;38400;GIFT_BASKET;69623;1;69622.0;11.0;69621.0;26.0;69633;1;69635.0;11.0;69636.0;26.0;69628.5;0.0
3;38500;GIFT_BASKET;69626;5;69621.0;18.0;69619.0;18.0;69633;18;69634.0;18.0;;;69627.0;0.0
3;38600;GIFT_BASKET;69616;12;69615.0;20.0;;;69617;6;69628.0;1.0;69629.0;12.0;69622.0;0.0
3;38700;GIFT_BASKET;69607;18;69606.0;30.0;;;69620;18;69621.0;30.0;;;69613.5;0.0
3;38800;GIFT_BASKET;69598;1;69597.0;17.0;69596.0;15.0;69609;1;69610.0;17.0;69611.0;15.0;69603.5;0.0
3;38900;GIFT_BASKET;69609;1;69608.0;13.0;69607.0;27.0;69620;1;69621.0;13.0;69622.0;27.0;69614.5;0.0
3;39000;GIFT_BASKET;69604;2;69603.0;16.0;69602.0;27.0;69615;2;69616.0;16.0;69617.0;27.0;69609.5;0.0
3;39100;GIFT_BASKET;69603;20;69602.0;21.0;;;69616;20;69617.0;21.0;;;69609.5;0.0
3;39200;GIFT_BASKET;69607;1;69606.0;11.0;69605.0;19.0;69618;1;69619.0;11.0;69620.0;19.0;69612.5;0.0
3;39300;GIFT_BASKET;69607;1;69606.0;15.0;69605.0;24.0;69618;1;69619.0;15.0;69620.0;24.0;69612.5;0.0
3;39400;GIFT_BASKET;69611;4;69605.0;11.0;69604.0;25.0;69618;11;69619.0;25.0;;;69611.5;0.0
3;39500;GIFT_BASKET;69594;11;69593.0;24.0;;;69607;11;69608.0;24.0;;;69600.5;0.0
3;39600;GIFT_BASKET;69611;2;69610.0;14.0;69609.0;17.0;69622;2;69623.0;14.0;69624.0;17.0;69616.5;0.0
3;39700;GIFT_BASKET;69623;2;69622.0;12.0;69621.0;20.0;69633;2;69634.0;12.0;69635.0;20.0;69628.0;0.0
3;39800;GIFT_BASKET;69629;19;69628.0;26.0;;;69642;19;69643.0;26.0;;;69635.5;0.0
3;39900;GIFT_BASKET;69627;2;69626.0;13.0;69625.0;15.0;69637;2;69638.0;13.0;69639.0;15.0;69632.0;0.0
3;40000;GIFT_BASKET;69625;1;69624.0;19.0;69623.0;22.0;69636;1;69637.0;19.0;69638.0;22.0;69630.5;0.0
3;40100;GIFT_BASKET;69631;1;69630.0;11.0;69629.0;19.0;69641;1;69642.0;11.0;69644.0;19.0;69636.5;0.0
3;40200;GIFT_BASKET;69634;2;69633.0;13.0;69632.0;16.0;69645;2;69646.0;13.0;69647.0;16.0;69639.5;0.0
3;40300;GIFT_BASKET;69623;13;69622.0;18.0;;;69636;13;69637.0;18.0;;;69629.5;0.0
3;40400;GIFT_BASKET;69613;11;69612.0;16.0;;;69626;11;69627.0;16.0;;;69619.5;0.0
3;40500;GIFT_BASKET;69598;19;69597.0;18.0;;;69611;19;69612.0;18.0;;;69604.5;0.0
3;40600;GIFT_BASKET;69604;2;69603.0;15.0;69602.0;27.0;69615;2;69616.0;15.0;69617.0;27.0;69609.5;0.0
3;40700;GIFT_BASKET;69586;2;69585.0;14.0;69584.0;27.0;69597;2;69598.0;14.0;69599.0;27.0;69591.5;0.0
3;40800;GIFT_BASKET;69593;2;69592.0;12.0;69591.0;24.0;69604;2;69605.0;12.0;69606.0;24.0;69598.5;0.0
3;40900;GIFT_BASKET;69575;12;69574.0;28.0;;;69588;12;69589.0;28.0;;;69581.5;0.0
3;41000;GIFT_BASKET;69565;19;69564.0;30.0;;;69577;19;69578.0;30.0;;;69571.0;0.0
3;41100;GIFT_BASKET;69574;17;69573.0;16.0;;;69586;17;69587.0;16.0;;;69580.0;0.0
3;41200;GIFT_BASKET;69576;1;69575.0;18.0;69574.0;28.0;69587;1;69588.0;18.0;69589.0;28.0;69581.5;0.0
3;41300;GIFT_BASKET;69560;14;69559.0;30.0;;;69573;14;69574.0;30.0;;;69566.5;0.0
3;41400;GIFT_BASKET;69566;2;69565.0;20.0;69564.0;30.0;69577;2;69578.0;20.0;69579.0;30.0;69571.5;0.0
3;41500;GIFT_BASKET;69563;1;69562.0;17.0;69561.0;15.0;69574;1;69575.0;17.0;69576.0;15.0;69568.5;0.0
3;41600;GIFT_BASKET;69557;14;69556.0;17.0;;;69570;14;69571.0;17.0;;;69563.5;0.0
3;41700;GIFT_BASKET;69541;1;69540.0;10.0;69539.0;30.0;69552;1;69553.0;10.0;69554.0;30.0;69546.5;0.0
3;41800;GIFT_BASKET;69531;2;69530.0;11.0;69529.0;28.0;69542;2;69543.0;11.0;69544.0;28.0;69536.5;0.0
3;41900;GIFT_BASKET;69525;2;69524.0;12.0;69523.0;27.0;69536;2;69537.0;12.0;69538.0;27.0;69530.5;0.0
3;42000;GIFT_BASKET;69527;13;69526.0;23.0;;;69540;13;69541.0;23.0;;;69533.5;0.0
3;42100;GIFT_BASKET;69530;2;69529.0;13.0;69528.0;25.0;69535;6;69541.0;2.0;69542.0;13.0;69535.0;0.0
3;42200;GIFT_BASKET;69537;1;69536.0;14.0;69534.0;21.0;69547;1;69548.0;14.0;69549.0;21.0;69541.5;0.0
3;42300;GIFT_BASKET;69539;12;69538.0;23.0;;;69552;12;69553.0;23.0;;;69545.5;0.0
3;42400;GIFT_BASKET;69530;1;69529.0;10.0;69528.0;30.0;69541;1;69542.0;10.0;69543.0;30.0;69535.5;0.0
3;42500;GIFT_BASKET;69512;13;69511.0;27.0;;;69524;19;69525.0;27.0;;;69518.0;0.0
3;42600;GIFT_BASKET;69516;18;69515.0;24.0;;;69529;18;69530.0;24.0;;;69522.5;0.0
3;42700;GIFT_BASKET;69505;18;69504.0;17.0;;;69518;18;69519.0;17.0;;;69511.5;0.0
3;42800;GIFT_BASKET;69503;18;69502.0;24.0;;;69516;18;69517.0;24.0;;;69509.5;0.0
3;42900;GIFT_BASKET;69506;1;69505.0;18.0;69504.0;18.0;69517;1;69518.0;18.0;69519.0;18.0;69511.5;0.0
3;43000;GIFT_BASKET;69495;1;69494.0;11.0;69493.0;25.0;69505;1;69507.0;11.0;69508.0;25.0;69500.5;0.0
3;43100;GIFT_BASKET;69506;5;69501.0;2.0;69500.0;12.0;69512;2;69513.0;12.0;69514.0;17.0;69507.0;0.0
3;43200;GIFT_BASKET;69498;1;69497.0;10.0;69496.0;15.0;69508;1;69510.0;10.0;69511.0;15.0;69503.5;0.0
3;43300;GIFT_BASKET;69495;1;69494.0;14.0;69493.0;21.0;69506;1;69507.0;14.0;69508.0;21.0;69500.5;0.0
3;43400;GIFT_BASKET;69496;2;69495.0;17.0;69494.0;21.0;69506;2;69507.0;17.0;69508.0;21.0;69501.0;0.0
3;43500;GIFT_BASKET;69492;13;69491.0;18.0;;;69505;13;69506.0;18.0;;;69498.5;0.0
3;43600;GIFT_BASKET;69492;17;69491.0;25.0;;;69504;17;69505.0;25.0;;;69498.0;0.0
3;43700;GIFT_BASKET;69491;2;69490.0;20.0;69489.0;18.0;69502;2;69503.0;20.0;69504.0;18.0;69496.5;0.0
3;43800;GIFT_BASKET;69501;2;69500.0;10.0;69499.0;21.0;69512;2;69513.0;10.0;69514.0;21.0;69506.5;0.0
3;43900;GIFT_BASKET;69503;2;69502.0;18.0;69501.0;17.0;69514;2;69515.0;18.0;69516.0;17.0;69508.5;0.0
3;44000;GIFT_BASKET;69493;2;69492.0;13.0;69491.0;26.0;69504;2;69505.0;13.0;69506.0;26.0;69498.5;0.0
3;44100;GIFT_BASKET;69495;2;69493.0;13.0;69492.0;22.0;69505;2;69506.0;13.0;69507.0;22.0;69499.5;0.0
3;44200;GIFT_BASKET;69492;2;69491.0;16.0;69490.0;22.0;69497;5;69503.0;2.0;69504.0;16.0;69497.0;0.0
3;44300;GIFT_BASKET;69502;11;69501.0;20.0;;;69515;11;69516.0;20.0;;;69508.5;0.0
3;44400;GIFT_BASKET;69519;1;69518.0;12.0;69517.0;25.0;69529;1;69531.0;12.0;69532.0;25.0;69524.5;0.0
3;44500;GIFT_BASKET;69505;1;69504.0;18.0;69503.0;17.0;69516;1;69517.0;18.0;69518.0;17.0;69510.5;0.0
3;44600;GIFT_BASKET;69503;12;69502.0;25.0;;;69516;12;69517.0;25.0;;;69509.5;0.0
3;44700;GIFT_BASKET;69502;2;69501.0;18.0;69500.0;30.0;69507;8;69512.0;2.0;69513.0;18.0;69506.5;0.0
3;44800;GIFT_BASKET;69512;2;69511.0;10.0;69510.0;23.0;69522;2;69524.0;10.0;69525.0;23.0;69517.5;0.0
3;44900;GIFT_BASKET;69509;2;69508.0;17.0;69506.0;24.0;69519;2;69520.0;17.0;69521.0;24.0;69513.5;0.0
3;45000;GIFT_BASKET;69516;14;69515.0;23.0;;;69529;14;69530.0;23.0;;;69522.5;0.0
3;45100;GIFT_BASKET;69521;1;69520.0;17.0;69519.0;17.0;69532;1;69533.0;17.0;69534.0;17.0;69526.5;0.0
3;45200;GIFT_BASKET;69536;2;69535.0;15.0;69534.0;27.0;69547;2;69548.0;15.0;69549.0;27.0;69541.5;0.0
3;45300;GIFT_BASKET;69534;2;69533.0;15.0;69532.0;29.0;69545;2;69546.0;15.0;69547.0;29.0;69539.5;0.0
3;45400;GIFT_BASKET;69548;2;69547.0;13.0;69546.0;24.0;69559;2;69560.0;13.0;69561.0;24.0;69553.5;0.0
3;45500;GIFT_BASKET;69548;2;69547.0;18.0;69546.0;19.0;69559;2;69560.0;18.0;69561.0;19.0;69553.5;0.0
3;45600;GIFT_BASKET;69543;1;69542.0;18.0;69541.0;17.0;69554;1;69555.0;18.0;69556.0;17.0;69548.5;0.0
3;45700;GIFT_BASKET;69543;1;69542.0;17.0;69541.0;30.0;69554;1;69555.0;17.0;69556.0;30.0;69548.5;0.0
3;45800;GIFT_BASKET;69556;2;69555.0;16.0;69554.0;20.0;69567;2;69568.0;16.0;69569.0;20.0;69561.5;0.0
3;45900;GIFT_BASKET;69556;10;69555.0;20.0;;;69557;6;69568.0;2.0;69569.0;10.0;69562.0;0.0
3;46000;GIFT_BASKET;69564;20;69562.0;21.0;;;69576;20;69577.0;21.0;;;69569.5;0.0
3;46100;GIFT_BASKET;69559;2;69558.0;11.0;69557.0;26.0;69570;2;69571.0;11.0;69572.0;26.0;69564.5;0.0
3;46200;GIFT_BASKET;69553;18;69552.0;26.0;;;69566;18;69567.0;26.0;;;69559.5;0.0
3;46300;GIFT_BASKET;69550;2;69549.0;16.0;69548.0;15.0;69561;2;69562.0;16.0;69563.0;15.0;69555.5;0.0
3;46400;GIFT_BASKET;69556;19;69555.0;27.0;;;69569;19;69570.0;27.0;;;69562.5;0.0
3;46500;GIFT_BASKET;69566;1;69565.0;17.0;69564.0;26.0;69577;1;69578.0;17.0;69579.0;26.0;69571.5;0.0
3;46600;GIFT_BASKET;69556;2;69555.0;20.0;69554.0;16.0;69567;2;69568.0;20.0;69569.0;16.0;69561.5;0.0
3;46700;GIFT_BASKET;69558;1;69553.0;2.0;69552.0;19.0;69564;2;69565.0;19.0;69566.0;16.0;69558.5;0.0
3;46800;GIFT_BASKET;69546;1;69545.0;18.0;69544.0;18.0;69557;1;69558.0;18.0;69559.0;18.0;69551.5;0.0
3;46900;GIFT_BASKET;69553;13;69552.0;29.0;;;69566;13;69567.0;29.0;;;69559.5;0.0
3;47000;GIFT_BASKET;69550;2;69549.0;16.0;69548.0;27.0;69561;2;69562.0;16.0;69563.0;27.0;69555.5;0.0
3;47100;GIFT_BASKET;69549;20;69548.0;21.0;;;69562;20;69563.0;21.0;;;69555.5;0.0
3;47200;GIFT_BASKET;69555;1;69554.0;16.0;69553.0;25.0;69566;1;69567.0;16.0;69568.0;25.0;69560.5;0.0
3;47300;GIFT_BASKET;69558;2;69557.0;14.0;69556.0;20.0;69569;2;69570.0;14.0;69571.0;20.0;69563.5;0.0
3;47400;GIFT_BASKET;69574;2;69573.0;14.0;69572.0;16.0;69579;1;69585.0;2.0;69586.0;14.0;69579.0;0.0
3;47500;GIFT_BASKET;69569;1;69568.0;15.0;69567.0;24.0;69580;1;69581.0;15.0;69582.0;24.0;69574.5;0.0
3;47600;GIFT_BASKET;69588;1;69587.0;13.0;69586.0;17.0;69593;2;69599.0;1.0;69600.0;13.0;69593.0;0.0
3;47700;GIFT_BASKET;69582;2;69581.0;14.0;69580.0;16.0;69593;2;69594.0;14.0;69595.0;16.0;69587.5;0.0
3;47800;GIFT_BASKET;69581;1;69580.0;14.0;69579.0;26.0;69592;1;69593.0;14.0;69594.0;26.0;69586.5;0.0
3;47900;GIFT_BASKET;69581;20;69580.0;29.0;;;69594;20;69595.0;29.0;;;69587.5;0.0
3;48000;GIFT_BASKET;69572;2;69571.0;19.0;69570.0;19.0;69583;2;69584.0;19.0;69585.0;19.0;69577.5;0.0
3;48100;GIFT_BASKET;69586;2;69585.0;13.0;69584.0;25.0;69597;2;69598.0;13.0;69599.0;25.0;69591.5;0.0
3;48200;GIFT_BASKET;69571;16;69570.0;29.0;;;69584;16;69585.0;29.0;;;69577.5;0.0
3;48300;GIFT_BASKET;69575;1;69574.0;13.0;69573.0;24.0;69586;1;69587.0;13.0;69588.0;24.0;69580.5;0.0
3;48400;GIFT_BASKET;69566;1;69564.0;13.0;69563.0;19.0;69576;1;69577.0;13.0;69578.0;19.0;69570.5;0.0
3;48500;GIFT_BASKET;69574;2;69573.0;12.0;69572.0;18.0;69585;2;69586.0;12.0;69587.0;18.0;69579.5;0.0
3;48600;GIFT_BASKET;69569;1;69568.0;18.0;69567.0;27.0;69580;1;69581.0;18.0;69582.0;27.0;69574.5;0.0
3;48700;GIFT_BASKET;69576;1;69575.0;10.0;69573.0;17.0;69586;1;69587.0;10.0;69588.0;17.0;69580.5;0.0
3;48800;GIFT_BASKET;69569;1;69568.0;11.0;69567.0;22.0;69574;5;69580.0;1.0;69581.0;11.0;69574.0;0.0
3;48900;GIFT_BASKET;69571;1;69570.0;16.0;69569.0;26.0;69582;1;69583.0;16.0;69584.0;26.0;69576.5;0.0
3;49000;GIFT_BASKET;69575;1;69574.0;12.0;69573.0;22.0;69586;1;69587.0;12.0;69588.0;22.0;69580.5;0.0
3;49100;GIFT_BASKET;69569;2;69568.0;12.0;69567.0;27.0;69580;2;69581.0;12.0;69582.0;27.0;69574.5;0.0
3;49200;GIFT_BASKET;69564;2;69563.0;14.0;69562.0;17.0;69575;2;69576.0;14.0;69577.0;17.0;69569.5;0.0
3;49300;GIFT_BASKET;69567;2;69566.0;16.0;69565.0;20.0;69578;2;69579.0;16.0;69580.0;20.0;69572.5;0.0
3;49400;GIFT_BASKET;69570;1;69569.0;14.0;69568.0;22.0;69581;1;69582.0;14.0;69583.0;22.0;69575.5;0.0
3;49500;GIFT_BASKET;69568;2;69567.0;10.0;69566.0;17.0;69579;2;69580.0;10.0;69581.0;17.0;69573.5;0.0
3;49600;GIFT_BASKET;69569;1;69568.0;14.0;69567.0;18.0;69580;1;69581.0;14.0;69582.0;18.0;69574.5;0.0
3;49700;GIFT_BASKET;69560;2;69559.0;14.0;69558.0;25.0;69571;2;69572.0;14.0;69573.0;25.0;69565.5;0.0
3;49800;GIFT_BASKET;69562;1;69561.0;16.0;69560.0;27.0;69573;1;69574.0;16.0;69575.0;27.0;69567.5;0.0
3;49900;GIFT_BASKET;69563;13;69562.0;18.0;;;69575;13;69576.0;18.0;;;69569.0;0.0
3;50000;GIFT_BASKET;69544;19;69543.0;19.0;;;69557;19;69558.0;19.0;;;69550.5;0.0
3;50100;GIFT_BASKET;69554;4;69548.0;14.0;69547.0;28.0;69561;14;69562.0;28.0;;;69554.5;0.0
3;50200;GIFT_BASKET;69547;1;69546.0;16.0;69545.0;21.0;69558;1;69559.0;16.0;69560.0;21.0;69552.5;0.0
3;50300;GIFT_BASKET;69545;14;69544.0;16.0;;;69558;14;69559.0;16.0;;;69551.5;0.0
3;50400;GIFT_BASKET;69557;2;69556.0;13.0;69555.0;29.0;69568;2;69569.0;13.0;69570.0;29.0;69562.5;0.0
3;50500;GIFT_BASKET;69552;2;69550.0;20.0;69549.0;15.0;69562;2;69563.0;20.0;69564.0;15.0;69556.5;0.0
3;50600;GIFT_BASKET;69556;2;69555.0;11.0;69554.0;19.0;69566;2;69568.0;11.0;69569.0;19.0;69561.5;0.0
3;50700;GIFT_BASKET;69554;1;69553.0;18.0;69552.0;20.0;69565;1;69566.0;18.0;69567.0;20.0;69559.5;0.0
3;50800;GIFT_BASKET;69551;1;69550.0;13.0;69549.0;26.0;69562;1;69563.0;13.0;69564.0;26.0;69556.5;0.0
3;50900;GIFT_BASKET;69560;2;69556.0;2.0;69554.0;18.0;69566;2;69567.0;18.0;69568.0;22.0;69561.0;0.0
3;51000;GIFT_BASKET;69555;2;69554.0;18.0;69553.0;26.0;69566;2;69567.0;18.0;69568.0;26.0;69560.5;0.0
3;51100;GIFT_BASKET;69546;1;69545.0;15.0;69544.0;20.0;69557;1;69558.0;15.0;69559.0;20.0;69551.5;0.0
3;51200;GIFT_BASKET;69551;2;69550.0;16.0;69549.0;30.0;69562;2;69563.0;16.0;69564.0;30.0;69556.5;0.0
3;51300;GIFT_BASKET;69546;6;69541.0;1.0;69540.0;10.0;69552;1;69553.0;10.0;69554.0;25.0;69547.0;0.0
3;51400;GIFT_BASKET;69543;1;69538.0;2.0;69537.0;19.0;69549;2;69550.0;19.0;69551.0;23.0;69544.0;0.0
3;51500;GIFT_BASKET;69542;1;69541.0;12.0;69540.0;24.0;69553;1;69554.0;12.0;69555.0;24.0;69547.5;0.0
3;51600;GIFT_BASKET;69534;2;69533.0;15.0;69532.0;23.0;69545;2;69546.0;15.0;69547.0;23.0;69539.5;0.0
3;51700;GIFT_BASKET;69527;14;69526.0;30.0;;;69540;14;69541.0;30.0;;;69533.5;0.0
3;51800;GIFT_BASKET;69529;12;69528.0;23.0;;;69542;12;69543.0;23.0;;;69535.5;0.0
3;51900;GIFT_BASKET;69524;12;69523.0;26.0;;;69530;7;69537.0;12.0;69538.0;26.0;69530.5;0.0
3;52000;GIFT_BASKET;69530;12;69528.0;19.0;;;69542;12;69543.0;19.0;;;69535.5;0.0
3;52100;GIFT_BASKET;69554;1;69553.0;17.0;69552.0;22.0;69564;1;69565.0;17.0;69566.0;22.0;69559.0;0.0
3;52200;GIFT_BASKET;69537;17;69536.0;21.0;;;69550;17;69551.0;21.0;;;69543.5;0.0
3;52300;GIFT_BASKET;69539;1;69538.0;17.0;69537.0;28.0;69550;1;69551.0;17.0;69552.0;28.0;69544.5;0.0
3;52400;GIFT_BASKET;69524;13;69523.0;17.0;;;69536;13;69537.0;17.0;;;69530.0;0.0
3;52500;GIFT_BASKET;69521;2;69520.0;13.0;69519.0;23.0;69532;2;69533.0;13.0;69534.0;23.0;69526.5;0.0
3;52600;GIFT_BASKET;69529;10;69528.0;19.0;;;69542;10;69543.0;19.0;;;69535.5;0.0
3;52700;GIFT_BASKET;69540;1;69538.0;17.0;69537.0;15.0;69550;1;69551.0;17.0;69552.0;15.0;69544.5;0.0
3;52800;GIFT_BASKET;69527;1;69526.0;10.0;69525.0;27.0;69538;1;69539.0;10.0;69540.0;27.0;69532.5;0.0
3;52900;GIFT_BASKET;69531;1;69530.0;18.0;69529.0;27.0;69542;1;69543.0;18.0;69544.0;27.0;69536.5;0.0
3;53000;GIFT_BASKET;69532;2;69531.0;20.0;69530.0;30.0;69544;20;69545.0;30.0;;;69537.5;0.0
3;53100;GIFT_BASKET;69547;1;69546.0;12.0;69545.0;18.0;69558;1;69559.0;12.0;69560.0;18.0;69552.5;0.0
3;53200;GIFT_BASKET;69553;2;69552.0;12.0;69551.0;20.0;69564;2;69565.0;12.0;69566.0;20.0;69558.5;0.0
3;53300;GIFT_BASKET;69545;2;69544.0;13.0;69543.0;23.0;69550;4;69556.0;2.0;69557.0;13.0;69550.0;0.0
3;53400;GIFT_BASKET;69537;2;69536.0;11.0;69535.0;28.0;69548;2;69549.0;11.0;69550.0;28.0;69542.5;0.0
3;53500;GIFT_BASKET;69525;13;69524.0;24.0;;;69538;13;69539.0;24.0;;;69531.5;0.0
3;53600;GIFT_BASKET;69523;17;69522.0;29.0;;;69536;17;69537.0;29.0;;;69529.5;0.0
3;53700;GIFT_BASKET;69523;1;69522.0;10.0;69520.0;15.0;69533;1;69534.0;10.0;69535.0;15.0;69527.5;0.0
3;53800;GIFT_BASKET;69523;13;69522.0;24.0;;;69536;16;69537.0;24.0;;;69529.5;0.0
3;53900;GIFT_BASKET;69524;1;69523.0;20.0;69522.0;30.0;69535;1;69536.0;20.0;69537.0;30.0;69529.5;0.0
3;54000;GIFT_BASKET;69515;16;69514.0;29.0;;;69528;16;69529.0;29.0;;;69521.5;0.0
3;54100;GIFT_BASKET;69518;13;69517.0;24.0;;;69531;13;69532.0;24.0;;;69524.5;0.0
3;54200;GIFT_BASKET;69533;11;69532.0;16.0;;;69546;11;69547.0;16.0;;;69539.5;0.0
3;54300;GIFT_BASKET;69529;2;69527.0;14.0;69526.0;27.0;69539;2;69540.0;14.0;69541.0;27.0;69533.5;0.0
3;54400;GIFT_BASKET;69520;2;69519.0;14.0;69518.0;16.0;69531;2;69532.0;14.0;69533.0;16.0;69525.5;0.0
3;54500;GIFT_BASKET;69517;2;69516.0;17.0;69515.0;15.0;69528;2;69529.0;17.0;69530.0;15.0;69522.5;0.0
3;54600;GIFT_BASKET;69517;2;69516.0;10.0;69515.0;28.0;69527;2;69528.0;10.0;69529.0;28.0;69522.0;0.0
3;54700;GIFT_BASKET;69525;2;69524.0;16.0;69523.0;25.0;69536;2;69537.0;16.0;69538.0;25.0;69530.5;0.0
3;54800;GIFT_BASKET;69526;1;69525.0;13.0;69524.0;15.0;69537;1;69538.0;13.0;69539.0;15.0;69531.5;0.0
3;54900;GIFT_BASKET;69515;1;69514.0;17.0;69513.0;25.0;69525;1;69526.0;17.0;69528.0;25.0;69520.5;0.0
3;55000;GIFT_BASKET;69506;2;69505.0;20.0;69504.0;18.0;69517;2;69518.0;20.0;69519.0;18.0;69511.5;0.0
3;55100;GIFT_BASKET;69498;1;69497.0;11.0;69496.0;20.0;69508;1;69509.0;11.0;69511.0;20.0;69503.5;0.0
3;55200;GIFT_BASKET;69495;2;69494.0;11.0;69493.0;16.0;69505;2;69506.0;11.0;69508.0;16.0;69500.5;0.0
3;55300;GIFT_BASKET;69472;2;69471.0;17.0;69470.0;27.0;69483;2;69484.0;17.0;69485.0;27.0;69477.5;0.0
3;55400;GIFT_BASKET;69464;1;69463.0;14.0;69462.0;25.0;69474;1;69475.0;14.0;69476.0;25.0;69469.0;0.0
3;55500;GIFT_BASKET;69452;1;69451.0;19.0;69450.0;17.0;69463;1;69464.0;19.0;69465.0;17.0;69457.5;0.0
3;55600;GIFT_BASKET;69455;2;69454.0;20.0;69452.0;16.0;69465;2;69466.0;20.0;69467.0;16.0;69460.0;0.0
3;55700;GIFT_BASKET;69454;1;69453.0;19.0;69452.0;27.0;69465;1;69466.0;19.0;69467.0;27.0;69459.5;0.0
3;55800;GIFT_BASKET;69443;10;69442.0;28.0;;;69456;10;69457.0;28.0;;;69449.5;0.0
3;55900;GIFT_BASKET;69447;15;69446.0;17.0;;;69460;15;69461.0;17.0;;;69453.5;0.0
3;56000;GIFT_BASKET;69451;20;69450.0;16.0;;;69464;20;69465.0;16.0;;;69457.5;0.0
3;56100;GIFT_BASKET;69443;16;69442.0;23.0;;;69456;16;69457.0;23.0;;;69449.5;0.0
3;56200;GIFT_BASKET;69436;1;69435.0;11.0;69433.0;15.0;69446;1;69447.0;11.0;69448.0;15.0;69440.5;0.0
3;56300;GIFT_BASKET;69433;13;69432.0;22.0;;;69446;13;69447.0;22.0;;;69439.5;0.0
3;56400;GIFT_BASKET;69435;14;69434.0;28.0;;;69447;14;69449.0;28.0;;;69441.5;0.0
3;56500;GIFT_BASKET;69435;1;69434.0;11.0;69433.0;21.0;69446;1;69447.0;11.0;69448.0;21.0;69440.5;0.0
3;56600;GIFT_BASKET;69423;13;69422.0;23.0;;;69429;2;69436.0;13.0;69437.0;23.0;69429.5;0.0
3;56700;GIFT_BASKET;69429;2;69428.0;12.0;69427.0;22.0;69439;2;69440.0;12.0;69441.0;22.0;69434.0;0.0
3;56800;GIFT_BASKET;69428;1;69427.0;15.0;69426.0;18.0;69439;1;69440.0;15.0;69441.0;18.0;69433.5;0.0
3;56900;GIFT_BASKET;69432;1;69431.0;16.0;69430.0;27.0;69443;1;69444.0;16.0;69445.0;27.0;69437.5;0.0
3;57000;GIFT_BASKET;69433;17;69432.0;21.0;;;69445;17;69447.0;21.0;;;69439.5;0.0
3;57100;GIFT_BASKET;69429;2;69428.0;18.0;69427.0;15.0;69440;2;69441.0;18.0;69442.0;15.0;69434.5;0.0
3;57200;GIFT_BASKET;69426;11;69425.0;17.0;;;69439;11;69440.0;17.0;;;69432.5;0.0
3;57300;GIFT_BASKET;69428;1;69427.0;17.0;69426.0;17.0;69439;1;69440.0;17.0;69441.0;17.0;69433.5;0.0
3;57400;GIFT_BASKET;69419;1;69418.0;13.0;69417.0;20.0;69430;1;69431.0;13.0;69432.0;20.0;69424.5;0.0
3;57500;GIFT_BASKET;69419;2;69418.0;19.0;69417.0;26.0;69429;2;69430.0;19.0;69431.0;26.0;69424.0;0.0
3;57600;GIFT_BASKET;69428;1;69427.0;14.0;69426.0;16.0;69439;1;69440.0;14.0;69441.0;16.0;69433.5;0.0
3;57700;GIFT_BASKET;69424;11;69423.0;20.0;;;69436;11;69437.0;20.0;;;69430.0;0.0
3;57800;GIFT_BASKET;69421;2;69420.0;13.0;69419.0;20.0;69432;2;69433.0;13.0;69434.0;20.0;69426.5;0.0
3;57900;GIFT_BASKET;69419;1;69418.0;13.0;69417.0;19.0;69430;1;69431.0;13.0;69432.0;19.0;69424.5;0.0
3;58000;GIFT_BASKET;69411;2;69410.0;10.0;69409.0;18.0;69422;2;69423.0;10.0;69424.0;18.0;69416.5;0.0
3;58100;GIFT_BASKET;69422;2;69421.0;12.0;69420.0;28.0;69433;2;69434.0;12.0;69435.0;28.0;69427.5;0.0
3;58200;GIFT_BASKET;69436;2;69435.0;13.0;69434.0;22.0;69447;2;69448.0;13.0;69449.0;22.0;69441.5;0.0
3;58300;GIFT_BASKET;69443;19;69442.0;24.0;;;69456;19;69457.0;24.0;;;69449.5;0.0
3;58400;GIFT_BASKET;69447;2;69446.0;15.0;69445.0;23.0;69458;2;69459.0;15.0;69460.0;23.0;69452.5;0.0
3;58500;GIFT_BASKET;69437;1;69436.0;15.0;69435.0;17.0;69448;1;69449.0;15.0;69450.0;17.0;69442.5;0.0
3;58600;GIFT_BASKET;69447;1;69446.0;10.0;69445.0;26.0;69458;1;69459.0;10.0;69460.0;26.0;69452.5;0.0
3;58700;GIFT_BASKET;69447;12;69446.0;17.0;;;69459;12;69460.0;17.0;;;69453.0;0.0
3;58800;GIFT_BASKET;69452;13;69451.0;21.0;;;69465;13;69466.0;21.0;;;69458.5;0.0
3;58900;GIFT_BASKET;69476;2;69475.0;17.0;69474.0;26.0;69487;2;69488.0;17.0;69489.0;26.0;69481.5;0.0
3;59000;GIFT_BASKET;69460;2;69459.0;13.0;69458.0;22.0;69471;2;69472.0;13.0;69473.0;22.0;69465.5;0.0
3;59100;GIFT_BASKET;69481;7;69469.0;20.0;69468.0;15.0;69482;20;69483.0;15.0;;;69475.5;0.0
3;59200;GIFT_BASKET;69484;11;69483.0;23.0;;;69497;11;69498.0;23.0;;;69490.5;0.0
3;59300;GIFT_BASKET;69480;18;69479.0;22.0;;;69492;18;69493.0;22.0;;;69486.0;0.0
3;59400;GIFT_BASKET;69486;1;69485.0;17.0;69484.0;24.0;69497;1;69498.0;17.0;69499.0;24.0;69491.5;0.0
3;59500;GIFT_BASKET;69483;2;69482.0;20.0;69481.0;24.0;69494;2;69495.0;20.0;69496.0;24.0;69488.5;0.0
3;59600;GIFT_BASKET;69477;12;69476.0;21.0;;;69490;12;69491.0;21.0;;;69483.5;0.0
3;59700;GIFT_BASKET;69472;14;69471.0;15.0;;;69485;14;69486.0;15.0;;;69478.5;0.0
3;59800;GIFT_BASKET;69472;2;69471.0;18.0;69470.0;30.0;69483;2;69484.0;18.0;69485.0;30.0;69477.5;0.0
3;59900;GIFT_BASKET;69482;2;69481.0;11.0;69480.0;19.0;69493;2;69494.0;11.0;69495.0;19.0;69487.5;0.0
3;60000;GIFT_BASKET;69489;1;69487.0;12.0;69486.0;20.0;69499;1;69500.0;12.0;69501.0;20.0;69493.5;0.0
3;60100;GIFT_BASKET;69495;1;69494.0;17.0;69493.0;28.0;69506;1;69507.0;17.0;69508.0;28.0;69500.5;0.0
3;60200;GIFT_BASKET;69490;2;69489.0;16.0;69488.0;20.0;69501;2;69502.0;16.0;69503.0;20.0;69495.5;0.0
3;60300;GIFT_BASKET;69497;2;69496.0;18.0;69494.0;15.0;69507;2;69508.0;18.0;69509.0;15.0;69502.0;0.0
3;60400;GIFT_BASKET;69503;2;69502.0;17.0;69501.0;16.0;69513;2;69515.0;17.0;69516.0;16.0;69508.5;0.0
3;60500;GIFT_BASKET;69503;1;69502.0;18.0;69501.0;23.0;69514;1;69515.0;18.0;69516.0;23.0;69508.5;0.0
3;60600;GIFT_BASKET;69492;11;69491.0;30.0;;;69505;11;69506.0;30.0;;;69498.5;0.0
3;60700;GIFT_BASKET;69489;2;69488.0;14.0;69487.0;26.0;69499;2;69501.0;14.0;69502.0;26.0;69494.5;0.0
3;60800;GIFT_BASKET;69485;2;69484.0;14.0;69483.0;24.0;69490;6;69496.0;2.0;69497.0;14.0;69490.0;0.0
3;60900;GIFT_BASKET;69490;4;69478.0;19.0;69477.0;15.0;69491;19;69492.0;15.0;;;69484.5;0.0
3;61000;GIFT_BASKET;69469;17;69468.0;24.0;;;69482;17;69483.0;24.0;;;69475.5;0.0
3;61100;GIFT_BASKET;69474;1;69473.0;12.0;69472.0;30.0;69485;1;69486.0;12.0;69487.0;30.0;69479.5;0.0
3;61200;GIFT_BASKET;69486;1;69485.0;15.0;69484.0;25.0;69497;1;69498.0;15.0;69499.0;25.0;69491.5;0.0
3;61300;GIFT_BASKET;69498;2;69497.0;20.0;69496.0;15.0;69508;2;69510.0;20.0;69511.0;15.0;69503.5;0.0
3;61400;GIFT_BASKET;69505;2;69504.0;19.0;69503.0;27.0;69516;2;69517.0;19.0;69518.0;27.0;69510.5;0.0
3;61500;GIFT_BASKET;69502;2;69501.0;11.0;69499.0;15.0;69512;2;69513.0;11.0;69514.0;15.0;69506.5;0.0
3;61600;GIFT_BASKET;69512;4;69506.0;20.0;69505.0;15.0;69518;20;69520.0;15.0;;;69512.0;0.0
3;61700;GIFT_BASKET;69516;14;69515.0;15.0;;;69529;14;69530.0;15.0;;;69522.5;0.0
3;61800;GIFT_BASKET;69513;1;69512.0;12.0;69510.0;17.0;69523;1;69524.0;12.0;69525.0;17.0;69517.5;0.0
3;61900;GIFT_BASKET;69511;2;69510.0;20.0;69509.0;19.0;69522;2;69523.0;20.0;69524.0;19.0;69516.5;0.0
3;62000;GIFT_BASKET;69499;19;69498.0;23.0;;;69512;19;69513.0;23.0;;;69505.5;0.0
3;62100;GIFT_BASKET;69497;19;69496.0;25.0;;;69510;19;69511.0;25.0;;;69503.5;0.0
3;62200;GIFT_BASKET;69497;1;69496.0;10.0;69495.0;27.0;69508;1;69509.0;10.0;69510.0;27.0;69502.5;0.0
3;62300;GIFT_BASKET;69511;2;69510.0;15.0;69509.0;18.0;69522;2;69523.0;15.0;69524.0;18.0;69516.5;0.0
3;62400;GIFT_BASKET;69506;3;69500.0;20.0;69499.0;25.0;69513;20;69514.0;25.0;;;69506.5;0.0
3;62500;GIFT_BASKET;69499;2;69498.0;12.0;69497.0;16.0;69510;2;69511.0;12.0;69512.0;16.0;69504.5;0.0
3;62600;GIFT_BASKET;69516;1;69515.0;16.0;69514.0;17.0;69527;1;69528.0;16.0;69529.0;17.0;69521.5;0.0
3;62700;GIFT_BASKET;69515;16;69514.0;15.0;;;69528;16;69529.0;15.0;;;69521.5;0.0
3;62800;GIFT_BASKET;69516;1;69515.0;17.0;69514.0;21.0;69527;1;69528.0;17.0;69529.0;21.0;69521.5;0.0
3;62900;GIFT_BASKET;69517;14;69516.0;28.0;;;69530;14;69531.0;28.0;;;69523.5;0.0
3;63000;GIFT_BASKET;69516;10;69515.0;26.0;;;69529;10;69530.0;26.0;;;69522.5;0.0
3;63100;GIFT_BASKET;69519;1;69518.0;20.0;69517.0;21.0;69529;1;69531.0;20.0;69532.0;21.0;69524.5;0.0
3;63200;GIFT_BASKET;69514;2;69513.0;13.0;69512.0;27.0;69525;2;69526.0;13.0;69527.0;27.0;69519.5;0.0
3;63300;GIFT_BASKET;69518;1;69517.0;13.0;69516.0;25.0;69529;1;69530.0;13.0;69531.0;25.0;69523.5;0.0
3;63400;GIFT_BASKET;69513;16;69512.0;29.0;;;69526;16;69527.0;29.0;;;69519.5;0.0
3;63500;GIFT_BASKET;69507;2;69505.0;16.0;69504.0;22.0;69517;2;69518.0;16.0;69519.0;22.0;69511.5;0.0
3;63600;GIFT_BASKET;69489;2;69488.0;13.0;69487.0;16.0;69499;2;69501.0;13.0;69502.0;16.0;69494.5;0.0
3;63700;GIFT_BASKET;69487;2;69486.0;15.0;69485.0;18.0;69498;2;69499.0;15.0;69500.0;18.0;69492.5;0.0
3;63800;GIFT_BASKET;69503;12;69502.0;23.0;;;69515;12;69516.0;23.0;;;69509.0;0.0
3;63900;GIFT_BASKET;69496;1;69495.0;17.0;69494.0;17.0;69507;1;69508.0;17.0;69509.0;17.0;69501.5;0.0
3;64000;GIFT_BASKET;69509;16;69508.0;30.0;;;69522;16;69523.0;30.0;;;69515.5;0.0
3;64100;GIFT_BASKET;69509;2;69508.0;16.0;69507.0;25.0;69520;2;69521.0;16.0;69522.0;25.0;69514.5;0.0
3;64200;GIFT_BASKET;69503;20;69502.0;15.0;;;69516;20;69517.0;15.0;;;69509.5;0.0
3;64300;GIFT_BASKET;69487;2;69486.0;17.0;69485.0;19.0;69498;2;69499.0;17.0;69500.0;19.0;69492.5;0.0
3;64400;GIFT_BASKET;69477;1;69476.0;13.0;69475.0;28.0;69487;1;69488.0;13.0;69490.0;28.0;69482.5;0.0
3;64500;GIFT_BASKET;69488;12;69487.0;25.0;;;69501;12;69502.0;25.0;;;69494.5;0.0
3;64600;GIFT_BASKET;69485;1;69484.0;16.0;69483.0;23.0;69496;1;69497.0;16.0;69498.0;23.0;69490.5;0.0
3;64700;GIFT_BASKET;69489;11;69488.0;15.0;;;69502;11;69503.0;15.0;;;69495.5;0.0
3;64800;GIFT_BASKET;69487;15;69486.0;15.0;;;69499;2;69500.0;15.0;69501.0;15.0;69493.5;0.0
3;64900;GIFT_BASKET;69490;1;69489.0;15.0;69488.0;29.0;69501;1;69502.0;15.0;69503.0;29.0;69495.5;0.0
3;65000;GIFT_BASKET;69485;1;69484.0;12.0;69483.0;21.0;69495;1;69496.0;12.0;69498.0;21.0;69490.5;0.0
3;65100;GIFT_BASKET;69469;10;69468.0;17.0;;;69482;10;69483.0;17.0;;;69475.5;0.0
3;65200;GIFT_BASKET;69470;2;69469.0;20.0;69468.0;15.0;69481;2;69482.0;20.0;69483.0;15.0;69475.5;0.0
3;65300;GIFT_BASKET;69468;10;69467.0;19.0;;;69481;10;69482.0;19.0;;;69474.5;0.0
3;65400;GIFT_BASKET;69478;2;69477.0;20.0;69476.0;18.0;69489;2;69490.0;20.0;69491.0;18.0;69483.5;0.0
3;65500;GIFT_BASKET;69476;11;69475.0;16.0;;;69489;11;69490.0;16.0;;;69482.5;0.0
3;65600;GIFT_BASKET;69463;17;69462.0;30.0;;;69476;17;69477.0;30.0;;;69469.5;0.0
3;65700;GIFT_BASKET;69467;10;69466.0;28.0;;;69473;6;69480.0;10.0;69481.0;28.0;69473.5;0.0
3;65800;GIFT_BASKET;69469;2;69468.0;19.0;69467.0;16.0;69479;2;69480.0;19.0;69481.0;16.0;69474.0;0.0
3;65900;GIFT_BASKET;69485;13;69484.0;19.0;;;69498;13;69499.0;19.0;;;69491.5;0.0
3;66000;GIFT_BASKET;69478;13;69477.0;21.0;;;69491;13;69492.0;21.0;;;69484.5;0.0
3;66100;GIFT_BASKET;69473;10;69472.0;21.0;;;69486;10;69487.0;21.0;;;69479.5;0.0
3;66200;GIFT_BASKET;69476;2;69475.0;14.0;69474.0;17.0;69487;2;69488.0;14.0;69489.0;17.0;69481.5;0.0
3;66300;GIFT_BASKET;69475;1;69474.0;11.0;69473.0;22.0;69486;1;69487.0;11.0;69488.0;22.0;69480.5;0.0
3;66400;GIFT_BASKET;69473;1;69472.0;19.0;69471.0;15.0;69484;1;69485.0;19.0;69486.0;15.0;69478.5;0.0
3;66500;GIFT_BASKET;69459;18;69458.0;27.0;;;69472;18;69473.0;27.0;;;69465.5;0.0
3;66600;GIFT_BASKET;69467;1;69466.0;14.0;69465.0;23.0;69478;1;69479.0;14.0;69480.0;23.0;69472.5;0.0
3;66700;GIFT_BASKET;69463;17;69462.0;29.0;;;69476;17;69477.0;29.0;;;69469.5;0.0
3;66800;GIFT_BASKET;69460;1;69459.0;18.0;69458.0;26.0;69471;1;69472.0;18.0;69473.0;26.0;69465.5;0.0
3;66900;GIFT_BASKET;69470;1;69469.0;15.0;69468.0;27.0;69481;1;69482.0;15.0;69483.0;27.0;69475.5;0.0
3;67000;GIFT_BASKET;69468;2;69467.0;18.0;69466.0;22.0;69478;2;69479.0;18.0;69480.0;22.0;69473.0;0.0
3;67100;GIFT_BASKET;69475;1;69474.0;19.0;69473.0;24.0;69486;1;69487.0;19.0;69488.0;24.0;69480.5;0.0
3;67200;GIFT_BASKET;69454;17;69453.0;27.0;;;69467;17;69468.0;27.0;;;69460.5;0.0
3;67300;GIFT_BASKET;69463;1;69462.0;10.0;69461.0;25.0;69474;1;69475.0;10.0;69476.0;25.0;69468.5;0.0
3;67400;GIFT_BASKET;69484;2;69483.0;15.0;69482.0;17.0;69489;5;69495.0;2.0;69496.0;15.0;69489.0;0.0
3;67500;GIFT_BASKET;69473;2;69472.0;15.0;69471.0;24.0;69484;2;69485.0;15.0;69486.0;24.0;69478.5;0.0
3;67600;GIFT_BASKET;69475;1;69474.0;14.0;69473.0;19.0;69480;5;69486.0;1.0;69487.0;14.0;69480.0;0.0
3;67700;GIFT_BASKET;69468;1;69467.0;14.0;69466.0;19.0;69478;1;69480.0;14.0;69481.0;19.0;69473.5;0.0
3;67800;GIFT_BASKET;69473;1;69472.0;14.0;69471.0;20.0;69484;1;69485.0;14.0;69486.0;20.0;69478.5;0.0
3;67900;GIFT_BASKET;69486;1;69485.0;15.0;69484.0;18.0;69496;1;69498.0;15.0;69499.0;18.0;69491.5;0.0
3;68000;GIFT_BASKET;69494;18;69493.0;16.0;;;69506;18;69507.0;16.0;;;69500.0;0.0
3;68100;GIFT_BASKET;69481;1;69480.0;14.0;69479.0;21.0;69492;1;69493.0;14.0;69494.0;21.0;69486.5;0.0
3;68200;GIFT_BASKET;69472;20;69471.0;30.0;;;69485;20;69486.0;30.0;;;69478.5;0.0
3;68300;GIFT_BASKET;69469;2;69468.0;12.0;69467.0;18.0;69480;2;69481.0;12.0;69482.0;18.0;69474.5;0.0
3;68400;GIFT_BASKET;69462;1;69461.0;19.0;69459.0;21.0;69472;1;69473.0;19.0;69474.0;21.0;69466.5;0.0
3;68500;GIFT_BASKET;69438;12;69437.0;30.0;;;69444;8;69451.0;12.0;69452.0;30.0;69444.5;0.0
3;68600;GIFT_BASKET;69419;1;69418.0;10.0;69417.0;19.0;69424;1;69430.0;1.0;69431.0;10.0;69424.0;0.0
3;68700;GIFT_BASKET;69408;12;69407.0;18.0;;;69421;12;69422.0;18.0;;;69414.5;0.0
3;68800;GIFT_BASKET;69395;1;69394.0;17.0;69393.0;29.0;69405;1;69406.0;17.0;69407.0;29.0;69400.0;0.0
3;68900;GIFT_BASKET;69395;2;69394.0;15.0;69393.0;18.0;69406;2;69407.0;15.0;69408.0;18.0;69400.5;0.0
3;69000;GIFT_BASKET;69403;1;69402.0;13.0;69400.0;15.0;69413;1;69414.0;13.0;69415.0;15.0;69407.5;0.0
3;69100;GIFT_BASKET;69404;6;69400.0;2.0;69399.0;18.0;69410;2;69411.0;18.0;69412.0;28.0;69405.5;0.0
3;69200;GIFT_BASKET;69399;19;69398.0;28.0;;;69412;19;69413.0;28.0;;;69405.5;0.0
3;69300;GIFT_BASKET;69395;10;69394.0;18.0;;;69408;10;69409.0;18.0;;;69401.5;0.0
3;69400;GIFT_BASKET;69403;1;69402.0;14.0;69401.0;30.0;69414;1;69415.0;14.0;69416.0;30.0;69408.5;0.0
3;69500;GIFT_BASKET;69400;13;69399.0;28.0;;;69413;13;69414.0;28.0;;;69406.5;0.0
3;69600;GIFT_BASKET;69395;1;69394.0;19.0;69393.0;23.0;69405;1;69406.0;19.0;69407.0;23.0;69400.0;0.0
3;69700;GIFT_BASKET;69391;1;69390.0;11.0;69389.0;26.0;69402;1;69403.0;11.0;69404.0;26.0;69396.5;0.0
3;69800;GIFT_BASKET;69385;18;69384.0;26.0;;;69398;18;69399.0;26.0;;;69391.5;0.0
3;69900;GIFT_BASKET;69391;2;69390.0;20.0;69389.0;26.0;69402;2;69403.0;20.0;69404.0;26.0;69396.5;0.0
3;70000;GIFT_BASKET;69395;1;69394.0;18.0;69393.0;22.0;69406;1;69407.0;18.0;69408.0;22.0;69400.5;0.0
3;70100;GIFT_BASKET;69397;2;69396.0;18.0;69395.0;26.0;69408;2;69409.0;18.0;69410.0;26.0;69402.5;0.0
3;70200;GIFT_BASKET;69411;2;69410.0;18.0;69409.0;20.0;69422;2;69423.0;18.0;69424.0;20.0;69416.5;0.0
3;70300;GIFT_BASKET;69429;2;69428.0;12.0;69427.0;23.0;69439;2;69440.0;12.0;69441.0;23.0;69434.0;0.0
3;70400;GIFT_BASKET;69420;2;69419.0;16.0;69418.0;23.0;69431;2;69432.0;16.0;69433.0;23.0;69425.5;0.0
3;70500;GIFT_BASKET;69430;6;69425.0;2.0;69424.0;15.0;69436;2;69437.0;15.0;69438.0;24.0;69431.0;0.0
3;70600;GIFT_BASKET;69422;2;69421.0;14.0;69420.0;23.0;69433;2;69434.0;14.0;69435.0;23.0;69427.5;0.0
3;70700;GIFT_BASKET;69438;2;69437.0;17.0;69436.0;23.0;69448;2;69449.0;17.0;69450.0;23.0;69443.0;0.0
3;70800;GIFT_BASKET;69447;2;69446.0;14.0;69445.0;22.0;69457;2;69458.0;14.0;69459.0;22.0;69452.0;0.0
3;70900;GIFT_BASKET;69458;1;69457.0;19.0;69456.0;20.0;69469;1;69470.0;19.0;69471.0;20.0;69463.5;0.0
3;71000;GIFT_BASKET;69456;20;69455.0;26.0;;;69469;20;69470.0;26.0;;;69462.5;0.0
3;71100;GIFT_BASKET;69456;15;69455.0;15.0;;;69469;15;69470.0;15.0;;;69462.5;0.0
3;71200;GIFT_BASKET;69463;18;69462.0;26.0;;;69476;18;69477.0;26.0;;;69469.5;0.0
3;71300;GIFT_BASKET;69440;1;69439.0;15.0;69438.0;28.0;69450;1;69451.0;15.0;69452.0;28.0;69445.0;0.0
3;71400;GIFT_BASKET;69449;12;69448.0;21.0;;;69462;12;69463.0;21.0;;;69455.5;0.0
3;71500;GIFT_BASKET;69446;8;69440.0;14.0;69439.0;30.0;69452;14;69453.0;30.0;;;69446.0;0.0
3;71600;GIFT_BASKET;69439;14;69438.0;17.0;;;69452;14;69453.0;17.0;;;69445.5;0.0
3;71700;GIFT_BASKET;69456;2;69455.0;19.0;69454.0;18.0;69461;6;69467.0;2.0;69468.0;19.0;69461.5;0.0
3;71800;GIFT_BASKET;69459;2;69458.0;11.0;69457.0;23.0;69470;2;69471.0;11.0;69472.0;23.0;69464.5;0.0
3;71900;GIFT_BASKET;69454;2;69453.0;12.0;69452.0;17.0;69464;2;69465.0;12.0;69467.0;17.0;69459.5;0.0
3;72000;GIFT_BASKET;69455;2;69454.0;19.0;69453.0;15.0;69465;2;69466.0;19.0;69467.0;15.0;69460.0;0.0
3;72100;GIFT_BASKET;69477;15;69476.0;27.0;;;69490;15;69491.0;27.0;;;69483.5;0.0
3;72200;GIFT_BASKET;69483;2;69482.0;20.0;69481.0;21.0;69493;2;69494.0;20.0;69495.0;21.0;69488.0;0.0
3;72300;GIFT_BASKET;69479;2;69478.0;13.0;69477.0;18.0;69489;2;69490.0;13.0;69491.0;18.0;69484.0;0.0
3;72400;GIFT_BASKET;69467;18;69466.0;20.0;;;69468;5;69479.0;1.0;69480.0;18.0;69473.0;0.0
3;72500;GIFT_BASKET;69475;2;69474.0;12.0;69473.0;26.0;69486;2;69487.0;12.0;69488.0;26.0;69480.5;0.0
3;72600;GIFT_BASKET;69477;2;69476.0;11.0;69475.0;22.0;69488;2;69489.0;11.0;69490.0;22.0;69482.5;0.0
3;72700;GIFT_BASKET;69472;1;69471.0;12.0;69470.0;17.0;69483;1;69484.0;12.0;69485.0;17.0;69477.5;0.0
3;72800;GIFT_BASKET;69468;17;69466.0;29.0;;;69480;17;69481.0;29.0;;;69473.5;0.0
3;72900;GIFT_BASKET;69477;1;69476.0;19.0;69475.0;29.0;69487;1;69488.0;19.0;69489.0;29.0;69482.0;0.0
3;73000;GIFT_BASKET;69476;2;69474.0;13.0;69473.0;30.0;69486;2;69487.0;13.0;69488.0;30.0;69480.5;0.0
3;73100;GIFT_BASKET;69483;11;69482.0;23.0;;;69496;11;69497.0;23.0;;;69489.5;0.0
3;73200;GIFT_BASKET;69482;2;69481.0;16.0;69480.0;28.0;69493;2;69494.0;16.0;69495.0;28.0;69487.5;0.0
3;73300;GIFT_BASKET;69485;2;69484.0;12.0;69483.0;22.0;69495;2;69497.0;12.0;69498.0;22.0;69490.5;0.0
3;73400;GIFT_BASKET;69505;3;69493.0;10.0;69492.0;24.0;69506;10;69507.0;24.0;;;69499.5;0.0
3;73500;GIFT_BASKET;69495;8;69490.0;1.0;69489.0;14.0;69501;1;69502.0;14.0;69503.0;23.0;69496.0;0.0
3;73600;GIFT_BASKET;69489;13;69488.0;26.0;;;69502;13;69503.0;26.0;;;69495.5;0.0
3;73700;GIFT_BASKET;69505;2;69504.0;12.0;69503.0;29.0;69516;2;69517.0;12.0;69518.0;29.0;69510.5;0.0
3;73800;GIFT_BASKET;69496;16;69495.0;24.0;;;69509;16;69510.0;24.0;;;69502.5;0.0
3;73900;GIFT_BASKET;69499;2;69498.0;13.0;69497.0;22.0;69510;2;69511.0;13.0;69512.0;22.0;69504.5;0.0
3;74000;GIFT_BASKET;69490;20;69489.0;28.0;;;69503;20;69504.0;28.0;;;69496.5;0.0
3;74100;GIFT_BASKET;69478;1;69476.0;16.0;69475.0;21.0;69488;1;69489.0;16.0;69490.0;21.0;69482.5;0.0
3;74200;GIFT_BASKET;69473;2;69472.0;19.0;69471.0;15.0;69484;2;69485.0;19.0;69486.0;15.0;69478.5;0.0
3;74300;GIFT_BASKET;69478;10;69477.0;29.0;;;69491;10;69492.0;29.0;;;69484.5;0.0
3;74400;GIFT_BASKET;69480;10;69479.0;21.0;;;69493;10;69494.0;21.0;;;69486.5;0.0
3;74500;GIFT_BASKET;69486;1;69485.0;20.0;69484.0;29.0;69491;5;69496.0;1.0;69497.0;20.0;69490.5;0.0
3;74600;GIFT_BASKET;69492;12;69491.0;17.0;;;69505;12;69506.0;17.0;;;69498.5;0.0
3;74700;GIFT_BASKET;69496;10;69494.0;29.0;;;69508;10;69509.0;29.0;;;69501.5;0.0
3;74800;GIFT_BASKET;69496;2;69495.0;13.0;69494.0;27.0;69507;2;69508.0;13.0;69509.0;27.0;69501.5;0.0
3;74900;GIFT_BASKET;69498;11;69497.0;24.0;;;69504;5;69511.0;11.0;69512.0;24.0;69504.5;0.0
3;75000;GIFT_BASKET;69506;16;69505.0;21.0;;;69518;16;69519.0;21.0;;;69512.0;0.0
3;75100;GIFT_BASKET;69505;16;69503.0;19.0;;;69517;16;69518.0;19.0;;;69510.5;0.0
3;75200;GIFT_BASKET;69501;18;69500.0;29.0;;;69514;18;69515.0;29.0;;;69507.5;0.0
3;75300;GIFT_BASKET;69517;2;69516.0;16.0;69515.0;15.0;69528;2;69529.0;16.0;69530.0;15.0;69522.5;0.0
3;75400;GIFT_BASKET;69510;20;69508.0;27.0;;;69522;20;69523.0;27.0;;;69515.5;0.0
3;75500;GIFT_BASKET;69512;16;69511.0;29.0;;;69524;16;69525.0;29.0;;;69518.0;0.0
3;75600;GIFT_BASKET;69515;2;69514.0;13.0;69513.0;19.0;69526;2;69527.0;13.0;69528.0;19.0;69520.5;0.0
3;75700;GIFT_BASKET;69517;16;69516.0;22.0;;;69523;8;69530.0;16.0;69531.0;22.0;69523.5;0.0
3;75800;GIFT_BASKET;69504;10;69503.0;19.0;;;69517;10;69518.0;19.0;;;69510.5;0.0
3;75900;GIFT_BASKET;69514;20;69513.0;28.0;;;69527;20;69528.0;28.0;;;69520.5;0.0
3;76000;GIFT_BASKET;69515;2;69514.0;11.0;69513.0;23.0;69526;2;69527.0;11.0;69528.0;23.0;69520.5;0.0
3;76100;GIFT_BASKET;69509;2;69508.0;15.0;69507.0;29.0;69520;2;69521.0;15.0;69522.0;29.0;69514.5;0.0
3;76200;GIFT_BASKET;69518;11;69517.0;27.0;;;69531;11;69532.0;27.0;;;69524.5;0.0
3;76300;GIFT_BASKET;69527;1;69526.0;10.0;69525.0;26.0;69538;1;69539.0;10.0;69540.0;26.0;69532.5;0.0
3;76400;GIFT_BASKET;69525;1;69524.0;15.0;69522.0;19.0;69535;1;69536.0;15.0;69537.0;19.0;69529.5;0.0
3;76500;GIFT_BASKET;69515;1;69514.0;14.0;69513.0;24.0;69526;1;69527.0;14.0;69528.0;24.0;69520.5;0.0
3;76600;GIFT_BASKET;69513;2;69512.0;15.0;69511.0;26.0;69523;2;69524.0;15.0;69525.0;26.0;69518.0;0.0
3;76700;GIFT_BASKET;69513;2;69512.0;10.0;69511.0;30.0;69524;2;69525.0;10.0;69526.0;30.0;69518.5;0.0
3;76800;GIFT_BASKET;69505;1;69504.0;14.0;69503.0;28.0;69515;1;69517.0;14.0;69518.0;28.0;69510.5;0.0
3;76900;GIFT_BASKET;69499;18;69498.0;17.0;;;69512;18;69513.0;17.0;;;69505.5;0.0
3;77000;GIFT_BASKET;69491;2;69490.0;10.0;69489.0;28.0;69502;2;69503.0;10.0;69504.0;28.0;69496.5;0.0
3;77100;GIFT_BASKET;69487;2;69486.0;14.0;69485.0;15.0;69498;2;69499.0;14.0;69500.0;15.0;69492.5;0.0
3;77200;GIFT_BASKET;69472;2;69471.0;19.0;69470.0;30.0;69483;2;69484.0;19.0;69485.0;30.0;69477.5;0.0
3;77300;GIFT_BASKET;69481;11;69480.0;29.0;;;69493;11;69494.0;29.0;;;69487.0;0.0
3;77400;GIFT_BASKET;69488;1;69487.0;14.0;69486.0;29.0;69499;1;69500.0;14.0;69501.0;29.0;69493.5;0.0
3;77500;GIFT_BASKET;69488;15;69486.0;22.0;;;69500;15;69501.0;22.0;;;69493.5;0.0
3;77600;GIFT_BASKET;69492;5;69486.0;20.0;69485.0;24.0;69498;20;69499.0;24.0;;;69492.0;0.0
3;77700;GIFT_BASKET;69490;12;69489.0;30.0;;;69503;12;69504.0;30.0;;;69496.5;0.0
3;77800;GIFT_BASKET;69482;14;69481.0;26.0;;;69495;14;69496.0;26.0;;;69488.5;0.0
3;77900;GIFT_BASKET;69487;12;69486.0;23.0;;;69500;12;69501.0;23.0;;;69493.5;0.0
3;78000;GIFT_BASKET;69496;2;69495.0;14.0;69494.0;26.0;69506;2;69507.0;14.0;69509.0;26.0;69501.5;0.0
3;78100;GIFT_BASKET;69510;1;69509.0;16.0;69508.0;23.0;69515;4;69521.0;1.0;69522.0;16.0;69515.0;0.0
3;78200;GIFT_BASKET;69515;1;69514.0;20.0;69512.0;21.0;69525;1;69526.0;20.0;69527.0;21.0;69519.5;0.0
3;78300;GIFT_BASKET;69514;16;69513.0;18.0;;;69527;16;69528.0;18.0;;;69520.5;0.0
3;78400;GIFT_BASKET;69507;15;69506.0;29.0;;;69520;15;69521.0;29.0;;;69513.5;0.0
3;78500;GIFT_BASKET;69508;2;69507.0;20.0;69506.0;21.0;69519;2;69520.0;20.0;69521.0;21.0;69513.5;0.0
3;78600;GIFT_BASKET;69510;16;69509.0;24.0;;;69523;16;69524.0;24.0;;;69516.5;0.0
3;78700;GIFT_BASKET;69500;17;69499.0;21.0;;;69513;17;69514.0;21.0;;;69506.5;0.0
3;78800;GIFT_BASKET;69507;11;69506.0;18.0;;;69520;11;69521.0;18.0;;;69513.5;0.0
3;78900;GIFT_BASKET;69508;1;69507.0;16.0;69506.0;29.0;69518;1;69519.0;16.0;69520.0;29.0;69513.0;0.0
3;79000;GIFT_BASKET;69496;10;69495.0;28.0;;;69502;3;69509.0;10.0;69510.0;28.0;69502.5;0.0
3;79100;GIFT_BASKET;69496;1;69495.0;16.0;69494.0;21.0;69507;1;69508.0;16.0;69509.0;21.0;69501.5;0.0
3;79200;GIFT_BASKET;69499;8;69493.0;20.0;69492.0;30.0;69506;20;69507.0;30.0;;;69499.5;0.0
3;79300;GIFT_BASKET;69490;2;69489.0;14.0;69488.0;17.0;69501;2;69502.0;14.0;69503.0;17.0;69495.5;0.0
3;79400;GIFT_BASKET;69494;12;69493.0;26.0;;;69507;12;69508.0;26.0;;;69500.5;0.0
3;79500;GIFT_BASKET;69499;1;69498.0;13.0;69497.0;29.0;69510;1;69511.0;13.0;69512.0;29.0;69504.5;0.0
3;79600;GIFT_BASKET;69501;15;69500.0;21.0;;;69514;15;69515.0;21.0;;;69507.5;0.0
3;79700;GIFT_BASKET;69504;2;69503.0;13.0;69502.0;23.0;69515;2;69516.0;13.0;69517.0;23.0;69509.5;0.0
3;79800;GIFT_BASKET;69502;16;69501.0;18.0;;;69514;16;69516.0;18.0;;;69508.5;0.0
3;79900;GIFT_BASKET;69512;7;69507.0;1.0;69506.0;13.0;69518;1;69519.0;13.0;69520.0;22.0;69513.0;0.0
3;80000;GIFT_BASKET;69514;2;69513.0;18.0;69512.0;20.0;69525;2;69526.0;18.0;69527.0;20.0;69519.5;0.0
3;80100;GIFT_BASKET;69507;2;69506.0;14.0;69505.0;28.0;69518;2;69519.0;14.0;69520.0;28.0;69512.5;0.0
3;80200;GIFT_BASKET;69505;2;69504.0;14.0;69503.0;28.0;69516;2;69517.0;14.0;69518.0;28.0;69510.5;0.0
3;80300;GIFT_BASKET;69504;11;69503.0;24.0;;;69517;11;69518.0;24.0;;;69510.5;0.0
3;80400;GIFT_BASKET;69491;20;69490.0;20.0;;;69504;20;69505.0;20.0;;;69497.5;0.0
3;80500;GIFT_BASKET;69481;2;69480.0;16.0;69479.0;21.0;69492;2;69493.0;16.0;69494.0;21.0;69486.5;0.0
3;80600;GIFT_BASKET;69480;1;69479.0;20.0;69478.0;28.0;69490;1;69492.0;20.0;69493.0;28.0;69485.5;0.0
3;80700;GIFT_BASKET;69460;1;69459.0;13.0;69458.0;17.0;69471;1;69472.0;13.0;69473.0;17.0;69465.5;0.0
3;80800;GIFT_BASKET;69471;18;69470.0;28.0;;;69484;18;69485.0;28.0;;;69477.5;0.0
3;80900;GIFT_BASKET;69476;1;69475.0;10.0;69474.0;23.0;69487;1;69488.0;10.0;69489.0;23.0;69481.5;0.0
3;81000;GIFT_BASKET;69483;1;69482.0;16.0;69481.0;25.0;69494;1;69495.0;16.0;69496.0;25.0;69488.5;0.0
3;81100;GIFT_BASKET;69484;16;69483.0;20.0;;;69497;16;69498.0;20.0;;;69490.5;0.0
3;81200;GIFT_BASKET;69478;1;69477.0;15.0;69476.0;24.0;69488;1;69489.0;15.0;69491.0;24.0;69483.5;0.0
3;81300;GIFT_BASKET;69480;14;69479.0;25.0;;;69493;14;69494.0;25.0;;;69486.5;0.0
3;81400;GIFT_BASKET;69471;2;69470.0;17.0;69469.0;15.0;69482;2;69483.0;17.0;69484.0;15.0;69476.5;0.0
3;81500;GIFT_BASKET;69460;20;69459.0;20.0;;;69472;20;69474.0;20.0;;;69466.0;0.0
3;81600;GIFT_BASKET;69456;1;69455.0;11.0;69454.0;23.0;69467;1;69468.0;11.0;69469.0;23.0;69461.5;0.0
3;81700;GIFT_BASKET;69468;2;69467.0;20.0;69466.0;22.0;69479;2;69480.0;20.0;69481.0;22.0;69473.5;0.0
3;81800;GIFT_BASKET;69467;11;69466.0;20.0;;;69473;7;69480.0;11.0;69481.0;20.0;69473.5;0.0
3;81900;GIFT_BASKET;69446;15;69445.0;18.0;;;69459;15;69460.0;18.0;;;69452.5;0.0
3;82000;GIFT_BASKET;69446;17;69445.0;25.0;;;69459;17;69460.0;25.0;;;69452.5;0.0
3;82100;GIFT_BASKET;69437;19;69436.0;24.0;;;69449;19;69450.0;24.0;;;69443.0;0.0
3;82200;GIFT_BASKET;69443;1;69442.0;18.0;69441.0;25.0;69454;1;69455.0;18.0;69456.0;25.0;69448.5;0.0
3;82300;GIFT_BASKET;69451;2;69450.0;19.0;69449.0;20.0;69462;2;69463.0;19.0;69464.0;20.0;69456.5;0.0
3;82400;GIFT_BASKET;69456;2;69455.0;10.0;69454.0;25.0;69467;2;69468.0;10.0;69469.0;25.0;69461.5;0.0
3;82500;GIFT_BASKET;69449;2;69448.0;18.0;69447.0;18.0;69460;2;69461.0;18.0;69462.0;18.0;69454.5;0.0
3;82600;GIFT_BASKET;69446;19;69445.0;19.0;;;69459;19;69460.0;19.0;;;69452.5;0.0
3;82700;GIFT_BASKET;69443;1;69442.0;19.0;69441.0;23.0;69454;1;69455.0;19.0;69456.0;23.0;69448.5;0.0
3;82800;GIFT_BASKET;69430;2;69429.0;12.0;69428.0;24.0;69440;2;69441.0;12.0;69442.0;24.0;69435.0;0.0
3;82900;GIFT_BASKET;69430;2;69429.0;20.0;69428.0;28.0;69441;2;69442.0;20.0;69443.0;28.0;69435.5;0.0
3;83000;GIFT_BASKET;69436;19;69435.0;25.0;;;69449;19;69450.0;25.0;;;69442.5;0.0
3;83100;GIFT_BASKET;69442;1;69441.0;12.0;69440.0;22.0;69452;1;69454.0;12.0;69455.0;22.0;69447.5;0.0
3;83200;GIFT_BASKET;69430;2;69429.0;14.0;69428.0;27.0;69441;2;69442.0;14.0;69443.0;27.0;69435.5;0.0
3;83300;GIFT_BASKET;69438;2;69437.0;15.0;69436.0;21.0;69449;2;69450.0;15.0;69451.0;21.0;69443.5;0.0
3;83400;GIFT_BASKET;69434;16;69433.0;30.0;;;69446;16;69447.0;30.0;;;69440.0;0.0
3;83500;GIFT_BASKET;69432;19;69431.0;27.0;;;69445;19;69446.0;27.0;;;69438.5;0.0
3;83600;GIFT_BASKET;69426;2;69425.0;12.0;69424.0;22.0;69436;2;69437.0;12.0;69438.0;22.0;69431.0;0.0
3;83700;GIFT_BASKET;69419;17;69418.0;21.0;;;69432;17;69433.0;21.0;;;69425.5;0.0
3;83800;GIFT_BASKET;69421;1;69420.0;16.0;69419.0;18.0;69432;1;69433.0;16.0;69434.0;18.0;69426.5;0.0
3;83900;GIFT_BASKET;69422;1;69421.0;13.0;69420.0;22.0;69433;1;69434.0;13.0;69435.0;22.0;69427.5;0.0
3;84000;GIFT_BASKET;69420;13;69418.0;26.0;;;69432;13;69433.0;26.0;;;69425.5;0.0
3;84100;GIFT_BASKET;69430;12;69429.0;17.0;;;69443;12;69444.0;17.0;;;69436.5;0.0
3;84200;GIFT_BASKET;69433;14;69432.0;21.0;;;69446;14;69447.0;21.0;;;69439.5;0.0
3;84300;GIFT_BASKET;69434;1;69432.0;11.0;69431.0;29.0;69444;1;69445.0;11.0;69446.0;29.0;69438.5;0.0
3;84400;GIFT_BASKET;69416;12;69415.0;27.0;;;69428;12;69430.0;27.0;;;69422.5;0.0
3;84500;GIFT_BASKET;69413;1;69412.0;11.0;69411.0;19.0;69423;1;69424.0;11.0;69425.0;19.0;69418.0;0.0
3;84600;GIFT_BASKET;69410;18;69409.0;28.0;;;69423;18;69424.0;28.0;;;69416.5;0.0
3;84700;GIFT_BASKET;69393;15;69392.0;19.0;;;69406;15;69407.0;19.0;;;69399.5;0.0
3;84800;GIFT_BASKET;69404;3;69398.0;20.0;69397.0;21.0;69410;20;69411.0;21.0;;;69404.0;0.0
3;84900;GIFT_BASKET;69403;19;69402.0;26.0;;;69416;19;69417.0;26.0;;;69409.5;0.0
3;85000;GIFT_BASKET;69412;2;69411.0;10.0;69410.0;24.0;69423;2;69424.0;10.0;69425.0;24.0;69417.5;0.0
3;85100;GIFT_BASKET;69405;4;69400.0;2.0;69399.0;11.0;69411;2;69412.0;11.0;69413.0;28.0;69406.0;0.0
3;85200;GIFT_BASKET;69405;1;69404.0;19.0;69403.0;16.0;69416;1;69417.0;19.0;69418.0;16.0;69410.5;0.0
3;85300;GIFT_BASKET;69411;18;69410.0;30.0;;;69423;18;69424.0;30.0;;;69417.0;0.0
3;85400;GIFT_BASKET;69412;2;69411.0;12.0;69410.0;19.0;69423;2;69424.0;12.0;69425.0;19.0;69417.5;0.0
3;85500;GIFT_BASKET;69394;16;69393.0;16.0;;;69406;16;69407.0;16.0;;;69400.0;0.0
3;85600;GIFT_BASKET;69399;16;69398.0;18.0;;;69412;16;69413.0;18.0;;;69405.5;0.0
3;85700;GIFT_BASKET;69413;16;69412.0;23.0;;;69426;16;69427.0;23.0;;;69419.5;0.0
3;85800;GIFT_BASKET;69399;1;69398.0;13.0;69397.0;28.0;69410;1;69411.0;13.0;69412.0;28.0;69404.5;0.0
3;85900;GIFT_BASKET;69408;2;69407.0;10.0;69406.0;15.0;69419;2;69420.0;10.0;69421.0;15.0;69413.5;0.0
3;86000;GIFT_BASKET;69396;10;69395.0;21.0;;;69408;10;69410.0;21.0;;;69402.5;0.0
3;86100;GIFT_BASKET;69389;1;69388.0;12.0;69387.0;15.0;69400;1;69401.0;12.0;69402.0;15.0;69394.5;0.0
3;86200;GIFT_BASKET;69395;1;69394.0;16.0;69393.0;22.0;69406;1;69407.0;16.0;69408.0;22.0;69400.5;0.0
3;86300;GIFT_BASKET;69407;2;69406.0;19.0;69405.0;21.0;69418;2;69419.0;19.0;69420.0;21.0;69412.5;0.0
3;86400;GIFT_BASKET;69405;1;69404.0;12.0;69403.0;25.0;69416;1;69417.0;12.0;69418.0;25.0;69410.5;0.0
3;86500;GIFT_BASKET;69403;2;69402.0;17.0;69401.0;21.0;69414;2;69415.0;17.0;69416.0;21.0;69408.5;0.0
3;86600;GIFT_BASKET;69403;2;69402.0;10.0;69401.0;29.0;69414;2;69415.0;10.0;69416.0;29.0;69408.5;0.0
3;86700;GIFT_BASKET;69405;8;69400.0;2.0;69399.0;13.0;69410;2;69412.0;13.0;69413.0;15.0;69406.0;0.0
3;86800;GIFT_BASKET;69411;10;69410.0;28.0;;;69424;10;69425.0;28.0;;;69417.5;0.0
3;86900;GIFT_BASKET;69426;8;69422.0;2.0;69421.0;11.0;69432;2;69433.0;11.0;69434.0;20.0;69427.5;0.0
3;87000;GIFT_BASKET;69419;13;69418.0;25.0;;;69432;13;69433.0;25.0;;;69425.5;0.0
3;87100;GIFT_BASKET;69421;1;69420.0;12.0;69419.0;29.0;69432;1;69433.0;12.0;69434.0;29.0;69426.5;0.0
3;87200;GIFT_BASKET;69418;2;69417.0;10.0;69416.0;24.0;69429;2;69430.0;10.0;69431.0;24.0;69423.5;0.0
3;87300;GIFT_BASKET;69419;14;69418.0;20.0;;;69432;14;69433.0;20.0;;;69425.5;0.0
3;87400;GIFT_BASKET;69424;2;69423.0;11.0;69422.0;22.0;69435;2;69436.0;11.0;69437.0;22.0;69429.5;0.0
3;87500;GIFT_BASKET;69429;1;69428.0;11.0;69427.0;24.0;69439;1;69440.0;11.0;69441.0;24.0;69434.0;0.0
3;87600;GIFT_BASKET;69433;15;69432.0;28.0;;;69446;15;69447.0;28.0;;;69439.5;0.0
3;87700;GIFT_BASKET;69424;11;69423.0;16.0;;;69437;11;69438.0;16.0;;;69430.5;0.0
3;87800;GIFT_BASKET;69417;1;69415.0;15.0;69414.0;19.0;69427;1;69428.0;15.0;69429.0;19.0;69421.5;0.0
3;87900;GIFT_BASKET;69407;14;69406.0;22.0;;;69420;14;69421.0;22.0;;;69413.5;0.0
3;88000;GIFT_BASKET;69397;1;69396.0;18.0;69395.0;29.0;69408;1;69409.0;18.0;69410.0;29.0;69402.5;0.0
3;88100;GIFT_BASKET;69392;4;69381.0;18.0;69380.0;24.0;69394;18;69395.0;24.0;;;69387.5;0.0
3;88200;GIFT_BASKET;69387;13;69386.0;26.0;;;69400;13;69401.0;26.0;;;69393.5;0.0
3;88300;GIFT_BASKET;69377;19;69376.0;28.0;;;69390;19;69391.0;28.0;;;69383.5;0.0
3;88400;GIFT_BASKET;69381;1;69380.0;14.0;69379.0;15.0;69391;1;69392.0;14.0;69394.0;15.0;69386.5;0.0
3;88500;GIFT_BASKET;69376;10;69375.0;24.0;;;69389;10;69390.0;24.0;;;69382.5;0.0
3;88600;GIFT_BASKET;69377;10;69376.0;17.0;;;69390;10;69391.0;17.0;;;69383.5;0.0
3;88700;GIFT_BASKET;69374;16;69373.0;19.0;;;69387;16;69388.0;19.0;;;69380.5;0.0
3;88800;GIFT_BASKET;69380;2;69379.0;18.0;69378.0;15.0;69385;7;69391.0;2.0;69392.0;18.0;69385.5;0.0
3;88900;GIFT_BASKET;69376;10;69375.0;25.0;;;69389;10;69390.0;25.0;;;69382.5;0.0
3;89000;GIFT_BASKET;69389;6;69378.0;1.0;69377.0;12.0;69390;12;69391.0;15.0;;;69384.0;0.0
3;89100;GIFT_BASKET;69373;12;69372.0;15.0;;;69386;12;69387.0;15.0;;;69379.5;0.0
3;89200;GIFT_BASKET;69389;2;69388.0;17.0;69387.0;20.0;69400;2;69401.0;17.0;69402.0;20.0;69394.5;0.0
3;89300;GIFT_BASKET;69374;2;69373.0;15.0;69372.0;23.0;69385;2;69386.0;15.0;69387.0;23.0;69379.5;0.0
3;89400;GIFT_BASKET;69358;20;69357.0;17.0;;;69371;20;69372.0;17.0;;;69364.5;0.0
3;89500;GIFT_BASKET;69346;2;69345.0;19.0;69344.0;29.0;69357;2;69358.0;19.0;69359.0;29.0;69351.5;0.0
3;89600;GIFT_BASKET;69335;20;69334.0;22.0;;;69348;20;69349.0;22.0;;;69341.5;0.0
3;89700;GIFT_BASKET;69346;15;69345.0;19.0;;;69358;15;69359.0;19.0;;;69352.0;0.0
3;89800;GIFT_BASKET;69358;14;69357.0;30.0;;;69371;14;69372.0;30.0;;;69364.5;0.0
3;89900;GIFT_BASKET;69352;12;69351.0;28.0;;;69365;12;69366.0;28.0;;;69358.5;0.0
3;90000;GIFT_BASKET;69362;2;69361.0;10.0;69360.0;29.0;69367;4;69373.0;2.0;69374.0;10.0;69367.0;0.0
3;90100;GIFT_BASKET;69360;10;69359.0;27.0;;;69373;10;69374.0;27.0;;;69366.5;0.0
3;90200;GIFT_BASKET;69358;2;69356.0;15.0;69355.0;24.0;69368;2;69369.0;15.0;69370.0;24.0;69362.5;0.0
3;90300;GIFT_BASKET;69349;1;69348.0;19.0;69347.0;30.0;69360;1;69361.0;19.0;69362.0;30.0;69354.5;0.0
3;90400;GIFT_BASKET;69356;1;69355.0;11.0;69354.0;30.0;69361;7;69367.0;1.0;69368.0;11.0;69361.0;0.0
3;90500;GIFT_BASKET;69356;19;69355.0;23.0;;;69368;19;69370.0;23.0;;;69362.5;0.0
3;90600;GIFT_BASKET;69359;12;69358.0;21.0;;;69371;12;69373.0;21.0;;;69365.5;0.0
3;90700;GIFT_BASKET;69359;20;69358.0;30.0;;;69372;20;69373.0;30.0;;;69365.5;0.0
3;90800;GIFT_BASKET;69370;2;69369.0;10.0;69367.0;18.0;69380;2;69381.0;10.0;69382.0;18.0;69374.5;0.0
3;90900;GIFT_BASKET;69355;10;69354.0;21.0;;;69368;10;69369.0;21.0;;;69361.5;0.0
3;91000;GIFT_BASKET;69361;2;69360.0;15.0;69359.0;29.0;69372;2;69373.0;15.0;69374.0;29.0;69366.5;0.0
3;91100;GIFT_BASKET;69357;2;69356.0;11.0;69355.0;21.0;69368;2;69369.0;11.0;69370.0;21.0;69362.5;0.0
3;91200;GIFT_BASKET;69349;8;69348.0;25.0;;;69361;2;69362.0;10.0;69363.0;25.0;69355.5;0.0
3;91300;GIFT_BASKET;69352;1;69351.0;19.0;69350.0;24.0;69363;1;69364.0;19.0;69365.0;24.0;69357.5;0.0
3;91400;GIFT_BASKET;69355;1;69354.0;11.0;69353.0;20.0;69365;1;69366.0;11.0;69367.0;20.0;69360.0;0.0
3;91500;GIFT_BASKET;69355;1;69354.0;16.0;69353.0;24.0;69366;1;69367.0;16.0;69368.0;24.0;69360.5;0.0
3;91600;GIFT_BASKET;69362;1;69361.0;18.0;69360.0;29.0;69373;1;69374.0;18.0;69375.0;29.0;69367.5;0.0
3;91700;GIFT_BASKET;69368;2;69367.0;12.0;69366.0;29.0;69378;2;69379.0;12.0;69380.0;29.0;69373.0;0.0
3;91800;GIFT_BASKET;69368;1;69367.0;12.0;69366.0;27.0;69378;1;69379.0;12.0;69380.0;27.0;69373.0;0.0
3;91900;GIFT_BASKET;69365;5;69364.0;21.0;;;69376;1;69377.0;10.0;69378.0;21.0;69371.0;0.0
3;92000;GIFT_BASKET;69374;1;69373.0;16.0;69372.0;26.0;69385;1;69386.0;16.0;69387.0;26.0;69379.5;0.0
3;92100;GIFT_BASKET;69374;1;69373.0;18.0;69372.0;15.0;69385;1;69386.0;18.0;69387.0;15.0;69379.5;0.0
3;92200;GIFT_BASKET;69370;1;69369.0;13.0;69368.0;19.0;69381;1;69382.0;13.0;69383.0;19.0;69375.5;0.0
3;92300;GIFT_BASKET;69370;4;69365.0;1.0;69364.0;19.0;69376;1;69377.0;19.0;69378.0;30.0;69371.0;0.0
3;92400;GIFT_BASKET;69355;11;69354.0;28.0;;;69368;11;69369.0;28.0;;;69361.5;0.0
3;92500;GIFT_BASKET;69352;13;69351.0;28.0;;;69365;13;69366.0;28.0;;;69358.5;0.0
3;92600;GIFT_BASKET;69365;1;69364.0;12.0;69363.0;19.0;69376;1;69377.0;12.0;69378.0;19.0;69370.5;0.0
3;92700;GIFT_BASKET;69372;1;69371.0;13.0;69370.0;21.0;69383;1;69384.0;13.0;69385.0;21.0;69377.5;0.0
3;92800;GIFT_BASKET;69365;13;69364.0;26.0;;;69378;13;69379.0;26.0;;;69371.5;0.0
3;92900;GIFT_BASKET;69364;1;69363.0;12.0;69362.0;24.0;69375;1;69376.0;12.0;69377.0;24.0;69369.5;0.0
3;93000;GIFT_BASKET;69370;1;69369.0;11.0;69368.0;27.0;69380;1;69381.0;11.0;69382.0;27.0;69375.0;0.0
3;93100;GIFT_BASKET;69363;2;69362.0;10.0;69361.0;26.0;69374;2;69375.0;10.0;69376.0;26.0;69368.5;0.0
3;93200;GIFT_BASKET;69358;1;69357.0;12.0;69356.0;19.0;69369;1;69370.0;12.0;69371.0;19.0;69363.5;0.0
3;93300;GIFT_BASKET;69364;14;69363.0;17.0;;;69377;14;69378.0;17.0;;;69370.5;0.0
3;93400;GIFT_BASKET;69373;11;69372.0;24.0;;;69386;11;69387.0;24.0;;;69379.5;0.0
3;93500;GIFT_BASKET;69368;2;69367.0;19.0;69366.0;17.0;69378;2;69379.0;19.0;69380.0;17.0;69373.0;0.0
3;93600;GIFT_BASKET;69368;2;69367.0;11.0;69366.0;22.0;69373;8;69378.0;2.0;69379.0;11.0;69372.5;0.0
3;93700;GIFT_BASKET;69388;4;69383.0;2.0;69382.0;18.0;69394;2;69395.0;18.0;69396.0;19.0;69389.0;0.0
3;93800;GIFT_BASKET;69396;15;69395.0;24.0;;;69409;15;69410.0;24.0;;;69402.5;0.0
3;93900;GIFT_BASKET;69395;13;69394.0;24.0;;;69408;13;69409.0;24.0;;;69401.5;0.0
3;94000;GIFT_BASKET;69387;2;69386.0;18.0;69385.0;23.0;69398;2;69399.0;18.0;69400.0;23.0;69392.5;0.0
3;94100;GIFT_BASKET;69407;18;69406.0;29.0;;;69419;18;69420.0;29.0;;;69413.0;0.0
3;94200;GIFT_BASKET;69400;2;69399.0;19.0;69397.0;17.0;69410;2;69411.0;19.0;69412.0;17.0;69405.0;0.0
3;94300;GIFT_BASKET;69380;2;69379.0;11.0;69378.0;23.0;69391;2;69392.0;11.0;69393.0;23.0;69385.5;0.0
3;94400;GIFT_BASKET;69367;10;69366.0;15.0;;;69379;10;69380.0;15.0;;;69373.0;0.0
3;94500;GIFT_BASKET;69377;8;69371.0;19.0;69370.0;19.0;69383;19;69384.0;19.0;;;69377.0;0.0
3;94600;GIFT_BASKET;69359;19;69358.0;30.0;;;69372;19;69373.0;30.0;;;69365.5;0.0
3;94700;GIFT_BASKET;69381;17;69380.0;25.0;;;69394;17;69395.0;25.0;;;69387.5;0.0
3;94800;GIFT_BASKET;69395;2;69389.0;13.0;69388.0;19.0;69402;13;69403.0;19.0;;;69395.5;0.0
3;94900;GIFT_BASKET;69392;12;69391.0;22.0;;;69405;12;69406.0;22.0;;;69398.5;0.0
3;95000;GIFT_BASKET;69389;13;69388.0;26.0;;;69402;13;69403.0;26.0;;;69395.5;0.0
3;95100;GIFT_BASKET;69397;14;69396.0;28.0;;;69409;14;69410.0;28.0;;;69403.0;0.0
3;95200;GIFT_BASKET;69392;1;69391.0;17.0;69390.0;25.0;69403;1;69404.0;17.0;69405.0;25.0;69397.5;0.0
3;95300;GIFT_BASKET;69397;17;69396.0;18.0;;;69410;17;69411.0;18.0;;;69403.5;0.0
3;95400;GIFT_BASKET;69404;2;69403.0;13.0;69402.0;17.0;69415;2;69416.0;13.0;69417.0;17.0;69409.5;0.0
3;95500;GIFT_BASKET;69403;2;69402.0;10.0;69401.0;20.0;69413;2;69414.0;10.0;69415.0;20.0;69408.0;0.0
3;95600;GIFT_BASKET;69413;1;69411.0;12.0;69410.0;23.0;69417;8;69423.0;1.0;69424.0;12.0;69417.0;0.0
3;95700;GIFT_BASKET;69423;2;69422.0;17.0;69421.0;23.0;69434;2;69435.0;17.0;69436.0;23.0;69428.5;0.0
3;95800;GIFT_BASKET;69430;1;69429.0;17.0;69428.0;19.0;69441;1;69442.0;17.0;69443.0;19.0;69435.5;0.0
3;95900;GIFT_BASKET;69434;13;69433.0;21.0;;;69447;13;69448.0;21.0;;;69440.5;0.0
3;96000;GIFT_BASKET;69429;14;69428.0;28.0;;;69442;14;69443.0;28.0;;;69435.5;0.0
3;96100;GIFT_BASKET;69431;2;69430.0;11.0;69429.0;27.0;69442;2;69443.0;11.0;69444.0;27.0;69436.5;0.0
3;96200;GIFT_BASKET;69448;2;69447.0;13.0;69446.0;27.0;69459;2;69460.0;13.0;69461.0;27.0;69453.5;0.0
3;96300;GIFT_BASKET;69440;2;69439.0;20.0;69437.0;17.0;69450;2;69451.0;20.0;69452.0;17.0;69445.0;0.0
3;96400;GIFT_BASKET;69435;2;69434.0;11.0;69433.0;20.0;69446;2;69447.0;11.0;69448.0;20.0;69440.5;0.0
3;96500;GIFT_BASKET;69433;2;69432.0;12.0;69431.0;15.0;69444;2;69445.0;12.0;69446.0;15.0;69438.5;0.0
3;96600;GIFT_BASKET;69428;2;69427.0;18.0;69425.0;16.0;69438;2;69439.0;18.0;69440.0;16.0;69433.0;0.0
3;96700;GIFT_BASKET;69427;19;69426.0;30.0;;;69439;19;69440.0;30.0;;;69433.0;0.0
3;96800;GIFT_BASKET;69425;1;69424.0;12.0;69423.0;22.0;69436;1;69437.0;12.0;69438.0;22.0;69430.5;0.0
3;96900;GIFT_BASKET;69437;8;69432.0;2.0;69431.0;12.0;69442;2;69444.0;12.0;69445.0;15.0;69438.0;0.0
3;97000;GIFT_BASKET;69426;17;69425.0;26.0;;;69439;17;69440.0;26.0;;;69432.5;0.0
3;97100;GIFT_BASKET;69416;1;69415.0;19.0;69414.0;28.0;69421;5;69427.0;1.0;69428.0;19.0;69421.0;0.0
3;97200;GIFT_BASKET;69423;2;69422.0;13.0;69421.0;17.0;69434;2;69435.0;13.0;69436.0;17.0;69428.5;0.0
3;97300;GIFT_BASKET;69413;2;69412.0;11.0;69411.0;30.0;69423;2;69424.0;11.0;69425.0;30.0;69418.0;0.0
3;97400;GIFT_BASKET;69417;2;69416.0;20.0;69415.0;23.0;69428;2;69429.0;20.0;69430.0;23.0;69422.5;0.0
3;97500;GIFT_BASKET;69428;17;69427.0;22.0;;;69441;17;69442.0;22.0;;;69434.5;0.0
3;97600;GIFT_BASKET;69433;12;69432.0;24.0;;;69446;12;69447.0;24.0;;;69439.5;0.0
3;97700;GIFT_BASKET;69438;15;69437.0;17.0;;;69451;15;69452.0;17.0;;;69444.5;0.0
3;97800;GIFT_BASKET;69441;12;69440.0;15.0;;;69454;12;69455.0;15.0;;;69447.5;0.0
3;97900;GIFT_BASKET;69436;2;69435.0;20.0;69434.0;24.0;69447;2;69448.0;20.0;69449.0;24.0;69441.5;0.0
3;98000;GIFT_BASKET;69418;1;69417.0;18.0;69416.0;25.0;69429;1;69430.0;18.0;69431.0;25.0;69423.5;0.0
3;98100;GIFT_BASKET;69421;11;69420.0;27.0;;;69427;3;69434.0;11.0;69435.0;27.0;69427.5;0.0
3;98200;GIFT_BASKET;69428;2;69427.0;17.0;69425.0;21.0;69432;4;69438.0;2.0;69439.0;17.0;69432.0;0.0
3;98300;GIFT_BASKET;69425;1;69424.0;14.0;69423.0;17.0;69435;1;69436.0;14.0;69437.0;17.0;69430.0;0.0
3;98400;GIFT_BASKET;69423;20;69422.0;20.0;;;69436;20;69437.0;20.0;;;69429.5;0.0
3;98500;GIFT_BASKET;69422;1;69421.0;19.0;69420.0;26.0;69433;1;69434.0;19.0;69435.0;26.0;69427.5;0.0
3;98600;GIFT_BASKET;69427;3;69423.0;1.0;69422.0;10.0;69433;1;69434.0;10.0;69435.0;16.0;69428.5;0.0
3;98700;GIFT_BASKET;69422;1;69421.0;19.0;69420.0;25.0;69433;1;69434.0;19.0;69435.0;25.0;69427.5;0.0
3;98800;GIFT_BASKET;69411;2;69410.0;12.0;69409.0;27.0;69422;2;69423.0;12.0;69424.0;27.0;69416.5;0.0
3;98900;GIFT_BASKET;69412;1;69406.0;15.0;69405.0;16.0;69419;15;69420.0;16.0;;;69412.5;0.0
3;99000;GIFT_BASKET;69391;14;69390.0;25.0;;;69404;14;69405.0;25.0;;;69397.5;0.0
3;99100;GIFT_BASKET;69401;1;69400.0;15.0;69399.0;21.0;69412;1;69413.0;15.0;69414.0;21.0;69406.5;0.0
3;99200;GIFT_BASKET;69420;12;69419.0;22.0;;;69433;12;69434.0;22.0;;;69426.5;0.0
3;99300;GIFT_BASKET;69427;1;69426.0;12.0;69425.0;21.0;69438;1;69439.0;12.0;69440.0;21.0;69432.5;0.0
3;99400;GIFT_BASKET;69422;18;69421.0;22.0;;;69435;18;69436.0;22.0;;;69428.5;0.0
3;99500;GIFT_BASKET;69423;17;69422.0;25.0;;;69436;17;69437.0;25.0;;;69429.5;0.0
3;99600;GIFT_BASKET;69430;2;69429.0;12.0;69428.0;25.0;69441;2;69442.0;12.0;69443.0;25.0;69435.5;0.0
3;99700;GIFT_BASKET;69428;16;69427.0;28.0;;;69441;16;69442.0;28.0;;;69434.5;0.0
3;99800;GIFT_BASKET;69438;5;69433.0;2.0;69432.0;15.0;69444;2;69445.0;15.0;69446.0;24.0;69439.0;0.0
3;99900;GIFT_BASKET;69440;1;69439.0;17.0;69438.0;29.0;69451;1;69452.0;17.0;69453.0;29.0;69445.5;0.0
3;100000;GIFT_BASKET;69433;15;69432.0;24.0;;;69446;15;69447.0;24.0;;;69439.5;0.0
3;100100;GIFT_BASKET;69420;2;69419.0;17.0;69418.0;20.0;69431;2;69432.0;17.0;69433.0;20.0;69425.5;0.0
3;100200;GIFT_BASKET;69427;2;69426.0;16.0;69425.0;16.0;69438;2;69439.0;16.0;69440.0;16.0;69432.5;0.0
3;100300;GIFT_BASKET;69421;2;69420.0;11.0;69418.0;20.0;69431;2;69432.0;11.0;69433.0;20.0;69425.5;0.0
3;100400;GIFT_BASKET;69425;1;69424.0;12.0;69423.0;25.0;69436;1;69437.0;12.0;69438.0;25.0;69430.5;0.0
3;100500;GIFT_BASKET;69420;10;69419.0;16.0;;;69433;10;69434.0;16.0;;;69426.5;0.0
3;100600;GIFT_BASKET;69421;2;69420.0;12.0;69419.0;23.0;69432;2;69433.0;12.0;69434.0;23.0;69426.5;0.0
3;100700;GIFT_BASKET;69429;1;69428.0;18.0;69427.0;25.0;69440;1;69441.0;18.0;69442.0;25.0;69434.5;0.0
3;100800;GIFT_BASKET;69426;2;69425.0;18.0;69424.0;27.0;69437;2;69438.0;18.0;69439.0;27.0;69431.5;0.0
3;100900;GIFT_BASKET;69412;2;69411.0;10.0;69410.0;25.0;69423;2;69424.0;10.0;69425.0;25.0;69417.5;0.0
3;101000;GIFT_BASKET;69401;10;69400.0;15.0;;;69413;10;69414.0;15.0;;;69407.0;0.0
3;101100;GIFT_BASKET;69390;2;69389.0;15.0;69388.0;27.0;69401;2;69402.0;15.0;69403.0;27.0;69395.5;0.0
3;101200;GIFT_BASKET;69409;2;69408.0;14.0;69407.0;23.0;69420;2;69421.0;14.0;69422.0;23.0;69414.5;0.0
3;101300;GIFT_BASKET;69403;16;69402.0;19.0;;;69416;16;69417.0;19.0;;;69409.5;0.0
3;101400;GIFT_BASKET;69403;10;69402.0;20.0;;;69416;10;69417.0;20.0;;;69409.5;0.0
3;101500;GIFT_BASKET;69404;2;69403.0;18.0;69402.0;28.0;69415;2;69416.0;18.0;69417.0;28.0;69409.5;0.0
3;101600;GIFT_BASKET;69397;2;69396.0;19.0;69395.0;21.0;69407;2;69408.0;19.0;69409.0;21.0;69402.0;0.0
3;101700;GIFT_BASKET;69393;15;69392.0;30.0;;;69405;15;69406.0;30.0;;;69399.0;0.0
3;101800;GIFT_BASKET;69392;2;69391.0;15.0;69390.0;24.0;69402;2;69404.0;15.0;69405.0;24.0;69397.5;0.0
3;101900;GIFT_BASKET;69399;2;69398.0;12.0;69396.0;21.0;69409;2;69410.0;12.0;69411.0;21.0;69403.5;0.0
3;102000;GIFT_BASKET;69401;8;69400.0;17.0;;;69413;1;69414.0;12.0;69415.0;17.0;69407.5;0.0
3;102100;GIFT_BASKET;69400;10;69399.0;30.0;;;69413;10;69414.0;30.0;;;69406.5;0.0
3;102200;GIFT_BASKET;69387;19;69386.0;30.0;;;69400;19;69401.0;30.0;;;69393.5;0.0
3;102300;GIFT_BASKET;69377;1;69376.0;18.0;69375.0;29.0;69388;1;69389.0;18.0;69390.0;29.0;69382.5;0.0
3;102400;GIFT_BASKET;69377;2;69376.0;18.0;69375.0;30.0;69388;2;69389.0;18.0;69390.0;30.0;69382.5;0.0
3;102500;GIFT_BASKET;69376;1;69375.0;16.0;69374.0;30.0;69387;1;69388.0;16.0;69389.0;30.0;69381.5;0.0
3;102600;GIFT_BASKET;69384;1;69383.0;20.0;69382.0;21.0;69395;1;69396.0;20.0;69397.0;21.0;69389.5;0.0
3;102700;GIFT_BASKET;69382;11;69381.0;26.0;;;69395;11;69396.0;26.0;;;69388.5;0.0
3;102800;GIFT_BASKET;69364;2;69363.0;11.0;69362.0;25.0;69375;2;69376.0;11.0;69377.0;25.0;69369.5;0.0
3;102900;GIFT_BASKET;69358;1;69357.0;14.0;69356.0;17.0;69368;1;69369.0;14.0;69370.0;17.0;69363.0;0.0
3;103000;GIFT_BASKET;69352;1;69351.0;12.0;69350.0;24.0;69363;1;69364.0;12.0;69365.0;24.0;69357.5;0.0
3;103100;GIFT_BASKET;69361;12;69360.0;22.0;;;69374;12;69375.0;22.0;;;69367.5;0.0
3;103200;GIFT_BASKET;69356;1;69355.0;14.0;69354.0;18.0;69367;1;69368.0;14.0;69369.0;18.0;69361.5;0.0
3;103300;GIFT_BASKET;69358;18;69357.0;25.0;;;69371;18;69372.0;25.0;;;69364.5;0.0
3;103400;GIFT_BASKET;69365;1;69364.0;16.0;69363.0;20.0;69376;1;69377.0;16.0;69378.0;20.0;69370.5;0.0
3;103500;GIFT_BASKET;69366;2;69365.0;16.0;69364.0;22.0;69377;2;69378.0;16.0;69379.0;22.0;69371.5;0.0
3;103600;GIFT_BASKET;69368;2;69367.0;18.0;69366.0;23.0;69378;2;69379.0;18.0;69380.0;23.0;69373.0;0.0
3;103700;GIFT_BASKET;69372;18;69371.0;28.0;;;69385;18;69386.0;28.0;;;69378.5;0.0
3;103800;GIFT_BASKET;69369;2;69368.0;15.0;69367.0;26.0;69380;2;69381.0;15.0;69382.0;26.0;69374.5;0.0
3;103900;GIFT_BASKET;69378;17;69377.0;24.0;;;69390;17;69392.0;24.0;;;69384.5;0.0
3;104000;GIFT_BASKET;69378;1;69377.0;20.0;69376.0;18.0;69389;1;69390.0;20.0;69391.0;18.0;69383.5;0.0
3;104100;GIFT_BASKET;69382;2;69381.0;15.0;69380.0;20.0;69393;2;69394.0;15.0;69395.0;20.0;69387.5;0.0
3;104200;GIFT_BASKET;69392;15;69391.0;22.0;;;69405;15;69406.0;22.0;;;69398.5;0.0
3;104300;GIFT_BASKET;69401;1;69396.0;1.0;69395.0;19.0;69406;1;69407.0;19.0;69409.0;28.0;69402.0;0.0
3;104400;GIFT_BASKET;69400;2;69399.0;20.0;69398.0;21.0;69411;2;69412.0;20.0;69413.0;21.0;69405.5;0.0
3;104500;GIFT_BASKET;69394;18;69393.0;23.0;;;69407;18;69408.0;23.0;;;69400.5;0.0
3;104600;GIFT_BASKET;69394;1;69393.0;20.0;69392.0;16.0;69404;1;69406.0;20.0;69407.0;16.0;69399.5;0.0
3;104700;GIFT_BASKET;69392;12;69391.0;21.0;;;69404;12;69405.0;21.0;;;69398.0;0.0
3;104800;GIFT_BASKET;69385;1;69384.0;10.0;69383.0;18.0;69396;1;69397.0;10.0;69398.0;18.0;69390.5;0.0
3;104900;GIFT_BASKET;69395;1;69394.0;19.0;69393.0;23.0;69399;7;69405.0;1.0;69406.0;19.0;69399.5;0.0
3;105000;GIFT_BASKET;69399;2;69398.0;13.0;69397.0;17.0;69409;2;69410.0;13.0;69411.0;17.0;69404.0;0.0
3;105100;GIFT_BASKET;69400;2;69399.0;17.0;69398.0;16.0;69411;2;69412.0;17.0;69413.0;16.0;69405.5;0.0
3;105200;GIFT_BASKET;69393;2;69392.0;12.0;69391.0;17.0;69404;2;69405.0;12.0;69406.0;17.0;69398.5;0.0
3;105300;GIFT_BASKET;69403;2;69402.0;16.0;69401.0;26.0;69414;2;69415.0;16.0;69416.0;26.0;69408.5;0.0
3;105400;GIFT_BASKET;69407;1;69406.0;20.0;69405.0;25.0;69417;1;69419.0;20.0;69420.0;25.0;69412.5;0.0
3;105500;GIFT_BASKET;69410;11;69409.0;21.0;;;69422;11;69423.0;21.0;;;69416.0;0.0
3;105600;GIFT_BASKET;69411;19;69410.0;29.0;;;69424;19;69425.0;29.0;;;69417.5;0.0
3;105700;GIFT_BASKET;69408;2;69407.0;17.0;69406.0;29.0;69419;2;69420.0;17.0;69421.0;29.0;69413.5;0.0
3;105800;GIFT_BASKET;69407;2;69406.0;18.0;69405.0;15.0;69418;2;69419.0;18.0;69420.0;15.0;69412.5;0.0
3;105900;GIFT_BASKET;69403;13;69402.0;28.0;;;69416;13;69417.0;28.0;;;69409.5;0.0
3;106000;GIFT_BASKET;69407;2;69406.0;20.0;69405.0;30.0;69418;2;69419.0;20.0;69420.0;30.0;69412.5;0.0
3;106100;GIFT_BASKET;69409;1;69408.0;16.0;69407.0;21.0;69414;6;69420.0;1.0;69421.0;16.0;69414.0;0.0
3;106200;GIFT_BASKET;69395;16;69394.0;25.0;;;69408;16;69409.0;25.0;;;69401.5;0.0
3;106300;GIFT_BASKET;69402;2;69401.0;16.0;69400.0;18.0;69413;2;69414.0;16.0;69415.0;18.0;69407.5;0.0
3;106400;GIFT_BASKET;69401;1;69400.0;13.0;69399.0;29.0;69412;1;69413.0;13.0;69414.0;29.0;69406.5;0.0
3;106500;GIFT_BASKET;69401;1;69400.0;18.0;69399.0;23.0;69412;1;69413.0;18.0;69414.0;23.0;69406.5;0.0
3;106600;GIFT_BASKET;69407;1;69406.0;12.0;69405.0;29.0;69418;1;69419.0;12.0;69420.0;29.0;69412.5;0.0
3;106700;GIFT_BASKET;69409;2;69408.0;13.0;69407.0;28.0;69420;2;69421.0;13.0;69422.0;28.0;69414.5;0.0
3;106800;GIFT_BASKET;69407;19;69406.0;19.0;;;69420;19;69421.0;19.0;;;69413.5;0.0
