day;timestamp;product;bid_price_1;bid_volume_1;bid_price_2;bid_volume_2;bid_price_3;bid_volume_3;ask_price_1;ask_volume_1;ask_price_2;ask_volume_2;ask_price_3;ask_volume_3;mid_price;profit_and_loss
3;0;CHOCOLATE;7750;117;;;;;7752;117;;;;;7751.0;0.0
3;100;CHOCOLATE;7751;50;7750.0;87.0;;;7752;137;;;;;7751.0;0.0
3;200;CHOCOLATE;7751;118;;;;;7752;43;7753.0;75.0;;;7752.0;0.0
3;300;CHOCOLATE;7750;110;;;;;7751;57;7752.0;53.0;;;7750.5;0.0
3;400;CHOCOLATE;7749;125;;;;;7750;47;7751.0;78.0;;;7750.0;0.0
3;500;CHOCOLATE;7749;125;;;;;7750;39;7751.0;86.0;;;7750.0;0.0
3;600;CHOCOLATE;7750;51;7749.0;78.0;;;7751;129;;;;;7750.0;0.0
3;700;CHOCOLATE;7750;57;7749.0;63.0;;;7751;57;7752.0;63.0;;;7750.5;0.0
3;800;CHOCOLATE;7749;42;7748.0;51.0;;;7750;93;;;;;7749.0;0.0
3;900;CHOCOLATE;7748;109;;;;;7750;109;;;;;7749.0;0.0
3;1000;CHOCOLATE;7748;116;;;;;7750;116;;;;;7749.0;0.0
3;1100;CHOCOLATE;7749;133;;;;;7751;133;;;;;7750.0;0.0
3;1200;CHOCOLATE;7750;61;7749.0;64.0;;;7751;117;;;;;7750.0;0.0
3;1300;CHOCOLATE;7750;54;7749.0;83.0;;;7751;137;;;;;7750.0;0.0
3;1400;CHOCOLATE;7750;64;7749.0;98.0;;;7751;64;7752.0;98.0;;;7750.5;0.0
3;1500;CHOCOLATE;7750;144;;;;;7751;52;7752.0;92.0;;;7751.0;0.0
3;1600;CHOCOLATE;7749;125;;;;;7750;61;7751.0;64.0;;;7750.0;0.0
3;1700;CHOCOLATE;7749;136;;;;;7750;38;7751.0;98.0;;;7750.0;0.0
3;1800;CHOCOLATE;7748;62;7747.0;59.0;;;7749;121;;;;;7748.5;0.0
3;1900;CHOCOLATE;7750;132;;;;;7751;53;7752.0;79.0;;;7751.0;0.0
3;2000;CHOCOLATE;7751;50;7750.0;75.0;;;7752;50;7753.0;75.0;;;7751.5;0.0
3;2100;CHOCOLATE;7752;44;7751.0;68.0;;;7753;112;;;;;7752.0;0.0
3;2200;CHOCOLATE;7750;45;7749.0;99.0;;;7751;45;7752.0;99.0;;;7750.5;0.0
3;2300;CHOCOLATE;7750;124;;;;;7752;134;;;;;7751.0;0.0
3;2400;CHOCOLATE;7751;137;;;;;7752;59;7753.0;74.0;;;7752.0;0.0
3;2500;CHOCOLATE;7750;65;7749.0;68.0;;;7751;65;7752.0;68.0;;;7750.5;0.0
3;2600;CHOCOLATE;7749;53;7748.0;68.0;;;7750;121;;;;;7749.0;0.0
3;2700;CHOCOLATE;7747;58;7746.0;92.0;;;7748;150;;;;;7747.0;0.0
3;2800;CHOCOLATE;7747;127;;;;;7748;56;7749.0;71.0;;;7748.0;0.0
3;2900;CHOCOLATE;7747;106;;;;;7749;115;;;;;7748.0;0.0
3;3000;CHOCOLATE;7748;114;;;;;7750;114;;;;;7749.0;0.0
3;3100;CHOCOLATE;7748;40;7747.0;91.0;;;7749;131;;;;;7748.0;0.0
3;3200;CHOCOLATE;7747;121;;;;;7749;121;;;;;7748.0;0.0
3;3300;CHOCOLATE;7747;98;;;;;7748;47;7749.0;51.0;;;7748.0;0.0
3;3400;CHOCOLATE;7747;124;;;;;7748;45;7749.0;79.0;;;7748.0;0.0
3;3500;CHOCOLATE;7746;153;;;;;7748;153;;;;;7747.0;0.0
3;3600;CHOCOLATE;7746;53;7745.0;70.0;;;7747;53;7748.0;70.0;;;7746.5;0.0
3;3700;CHOCOLATE;7745;117;;;;;7747;117;;;;;7746.0;0.0
3;3800;CHOCOLATE;7744;39;7743.0;61.0;;;7745;39;7746.0;61.0;;;7744.5;0.0
3;3900;CHOCOLATE;7743;45;7742.0;53.0;;;7744;45;7745.0;53.0;;;7743.5;0.0
3;4000;CHOCOLATE;7743;61;7742.0;79.0;;;7744;61;7745.0;79.0;;;7743.5;0.0
3;4100;CHOCOLATE;7743;60;7742.0;95.0;;;7744;155;;;;;7743.0;0.0
3;4200;CHOCOLATE;7743;57;7742.0;75.0;;;7744;57;7745.0;75.0;;;7743.5;0.0
3;4300;CHOCOLATE;7744;63;7743.0;62.0;;;7745;63;7746.0;62.0;;;7744.5;0.0
3;4400;CHOCOLATE;7744;47;7743.0;91.0;;;7745;138;;;;;7744.0;0.0
3;4500;CHOCOLATE;7743;129;;;;;7745;129;;;;;7744.0;0.0
3;4600;CHOCOLATE;7743;131;;;;;7745;131;;;;;7744.0;0.0
3;4700;CHOCOLATE;7744;126;;;;;7745;43;7746.0;75.0;;;7745.0;0.0
3;4800;CHOCOLATE;7745;35;7744.0;80.0;;;7746;35;7747.0;80.0;;;7745.5;0.0
3;4900;CHOCOLATE;7745;41;7744.0;86.0;;;7746;132;;;;;7745.0;0.0
3;5000;CHOCOLATE;7746;126;;;;;7747;59;7748.0;67.0;;;7747.0;0.0
3;5100;CHOCOLATE;7746;47;7745.0;68.0;;;7747;115;;;;;7746.0;0.0
3;5200;CHOCOLATE;7745;64;7744.0;60.0;;;7746;64;7747.0;60.0;;;7745.5;0.0
3;5300;CHOCOLATE;7746;118;;;;;7747;48;7748.0;70.0;;;7747.0;0.0
3;5400;CHOCOLATE;7745;123;;;;;7747;123;;;;;7746.0;0.0
3;5500;CHOCOLATE;7745;131;;;;;7747;131;;;;;7746.0;0.0
3;5600;CHOCOLATE;7745;134;;;;;7747;134;;;;;7746.0;0.0
3;5700;CHOCOLATE;7745;98;;;;;7746;39;7747.0;59.0;;;7746.0;0.0
3;5800;CHOCOLATE;7746;44;7745.0;67.0;;;7747;111;;;;;7746.0;0.0
3;5900;CHOCOLATE;7747;64;7746.0;65.0;;;7748;129;;;;;7747.0;0.0
3;6000;CHOCOLATE;7746;145;;;;;7748;145;;;;;7747.0;0.0
3;6100;CHOCOLATE;7745;50;7744.0;73.0;;;7746;123;;;;;7745.0;0.0
3;6200;CHOCOLATE;7745;63;7744.0;74.0;;;7746;137;;;;;7745.0;0.0
3;6300;CHOCOLATE;7744;124;;;;;7746;124;;;;;7745.0;0.0
3;6400;CHOCOLATE;7744;139;;;;;7746;139;;;;;7745.0;0.0
3;6500;CHOCOLATE;7745;151;;;;;7747;151;;;;;7746.0;0.0
3;6600;CHOCOLATE;7745;139;;;;;7746;8;7747.0;139.0;;;7746.0;0.0
3;6700;CHOCOLATE;7746;47;7745.0;53.0;;;7747;47;7748.0;53.0;;;7746.5;0.0
3;6800;CHOCOLATE;7747;122;;;;;7748;44;7749.0;78.0;;;7748.0;0.0
3;6900;CHOCOLATE;7747;102;;;;;7749;102;;;;;7748.0;0.0
3;7000;CHOCOLATE;7748;130;;;;;7749;65;7750.0;65.0;;;7748.5;0.0
3;7100;CHOCOLATE;7749;53;7748.0;54.0;;;7750;107;;;;;7749.0;0.0
3;7200;CHOCOLATE;7749;153;;;;;7751;157;;;;;7750.0;0.0
3;7300;CHOCOLATE;7747;96;;;;;7749;96;;;;;7748.0;0.0
3;7400;CHOCOLATE;7747;131;;;;;7749;131;;;;;7748.0;0.0
3;7500;CHOCOLATE;7747;116;;;;;7748;35;7749.0;81.0;;;7748.0;0.0
3;7600;CHOCOLATE;7748;133;;;;;7750;133;;;;;7749.0;0.0
3;7700;CHOCOLATE;7748;103;;;;;7750;103;;;;;7749.0;0.0
3;7800;CHOCOLATE;7749;42;7748.0;69.0;;;7750;42;7751.0;69.0;;;7749.5;0.0
3;7900;CHOCOLATE;7749;139;;;;;7750;59;7751.0;80.0;;;7750.0;0.0
3;8000;CHOCOLATE;7750;39;7749.0;53.0;;;7751;92;;;;;7750.0;0.0
3;8100;CHOCOLATE;7750;153;;;;;7752;153;;;;;7751.0;0.0
3;8200;CHOCOLATE;7752;38;7751.0;70.0;;;7753;108;;;;;7752.0;0.0
3;8300;CHOCOLATE;7752;42;7751.0;80.0;;;7753;122;;;;;7752.0;0.0
3;8400;CHOCOLATE;7750;91;;;;;7752;91;;;;;7751.0;0.0
3;8500;CHOCOLATE;7752;43;7751.0;64.0;;;7753;107;;;;;7752.0;0.0
3;8600;CHOCOLATE;7754;36;7753.0;56.0;;;7755;92;;;;;7754.0;0.0
3;8700;CHOCOLATE;7754;111;;;;;7756;111;;;;;7755.0;0.0
3;8800;CHOCOLATE;7754;118;;;;;7755;58;7756.0;60.0;;;7755.0;0.0
3;8900;CHOCOLATE;7754;116;;;;;7756;116;;;;;7755.0;0.0
3;9000;CHOCOLATE;7754;62;7753.0;69.0;;;7755;131;;;;;7754.0;0.0
3;9100;CHOCOLATE;7756;43;7755.0;50.0;;;7757;48;7758.0;50.0;;;7756.5;0.0
3;9200;CHOCOLATE;7755;133;;;;;7757;133;;;;;7756.0;0.0
3;9300;CHOCOLATE;7756;117;;;;;7757;47;7758.0;70.0;;;7757.0;0.0
3;9400;CHOCOLATE;7756;140;;;;;7757;50;7758.0;90.0;;;7757.0;0.0
3;9500;CHOCOLATE;7756;137;;;;;7757;40;7758.0;97.0;;;7757.0;0.0
3;9600;CHOCOLATE;7755;40;7754.0;57.0;;;7756;40;7757.0;57.0;;;7755.5;0.0
3;9700;CHOCOLATE;7754;129;;;;;7756;124;;;;;7755.0;0.0
3;9800;CHOCOLATE;7753;141;;;;;7754;43;7755.0;98.0;;;7754.0;0.0
3;9900;CHOCOLATE;7753;138;;;;;7755;138;;;;;7754.0;0.0
3;10000;CHOCOLATE;7753;113;;;;;7755;113;;;;;7754.0;0.0
3;10100;CHOCOLATE;7754;50;7753.0;59.0;;;7755;109;;;;;7754.0;0.0
3;10200;CHOCOLATE;7752;140;;;;;7754;140;;;;;7753.0;0.0
3;10300;CHOCOLATE;7752;151;;;;;7753;54;7754.0;97.0;;;7753.0;0.0
3;10400;CHOCOLATE;7752;129;;;;;7753;59;7754.0;70.0;;;7753.0;0.0
3;10500;CHOCOLATE;7754;60;7753.0;60.0;;;7755;120;;;;;7754.5;0.0
3;10600;CHOCOLATE;7753;120;;;;;7755;116;;;;;7754.0;0.0
3;10700;CHOCOLATE;7754;50;7753.0;67.0;;;7755;50;7756.0;67.0;;;7754.5;0.0
3;10800;CHOCOLATE;7754;121;;;;;7755;57;7756.0;64.0;;;7755.0;0.0
3;10900;CHOCOLATE;7755;46;7754.0;53.0;;;7756;99;;;;;7755.0;0.0
3;11000;CHOCOLATE;7754;53;7753.0;71.0;;;7755;53;7756.0;71.0;;;7754.5;0.0
3;11100;CHOCOLATE;7753;43;7752.0;60.0;;;7754;103;;;;;7753.0;0.0
3;11200;CHOCOLATE;7752;36;7751.0;65.0;;;7753;36;7754.0;65.0;;;7752.5;0.0
3;11300;CHOCOLATE;7750;60;7749.0;51.0;;;7751;111;;;;;7750.5;0.0
3;11400;CHOCOLATE;7749;123;;;;;7751;123;;;;;7750.0;0.0
3;11500;CHOCOLATE;7752;160;;;;;7753;65;7754.0;95.0;;;7753.0;0.0
3;11600;CHOCOLATE;7751;42;7750.0;51.0;;;7752;42;7753.0;51.0;;;7751.5;0.0
3;11700;CHOCOLATE;7752;144;;;;;7754;144;;;;;7753.0;0.0
3;11800;CHOCOLATE;7753;130;;;;;7754;65;7755.0;65.0;;;7753.5;0.0
3;11900;CHOCOLATE;7751;110;;;;;7752;52;7753.0;58.0;;;7752.0;0.0
3;12000;CHOCOLATE;7751;45;7750.0;97.0;;;7752;45;7753.0;97.0;;;7751.5;0.0
3;12100;CHOCOLATE;7750;129;;;;;7752;129;;;;;7751.0;0.0
3;12200;CHOCOLATE;7749;46;7748.0;100.0;;;7750;146;;;;;7749.0;0.0
3;12300;CHOCOLATE;7750;123;;;;;7751;61;7752.0;62.0;;;7751.0;0.0
3;12400;CHOCOLATE;7749;125;;;;;7751;125;;;;;7750.0;0.0
3;12500;CHOCOLATE;7750;64;7749.0;97.0;;;7751;64;7752.0;97.0;;;7750.5;0.0
3;12600;CHOCOLATE;7751;132;;;;;7752;38;7753.0;94.0;;;7752.0;0.0
3;12700;CHOCOLATE;7751;110;;;;;7752;56;7753.0;54.0;;;7751.5;0.0
3;12800;CHOCOLATE;7753;50;7752.0;63.0;;;7754;113;;;;;7753.0;0.0
3;12900;CHOCOLATE;7753;63;7752.0;84.0;;;7754;147;;;;;7753.0;0.0
3;13000;CHOCOLATE;7752;139;;;;;7753;44;7754.0;95.0;;;7753.0;0.0
3;13100;CHOCOLATE;7751;55;7750.0;57.0;;;7752;55;7753.0;57.0;;;7751.5;0.0
3;13200;CHOCOLATE;7750;136;;;;;7751;45;7752.0;91.0;;;7751.0;0.0
3;13300;CHOCOLATE;7749;104;;;;;7751;104;;;;;7750.0;0.0
3;13400;CHOCOLATE;7749;59;7748.0;94.0;;;7750;153;;;;;7749.0;0.0
3;13500;CHOCOLATE;7748;137;;;;;7750;137;;;;;7749.0;0.0
3;13600;CHOCOLATE;7747;130;;;;;7749;130;;;;;7748.0;0.0
3;13700;CHOCOLATE;7747;61;7746.0;85.0;;;7748;61;7749.0;85.0;;;7747.5;0.0
3;13800;CHOCOLATE;7747;103;;;;;7749;103;;;;;7748.0;0.0
3;13900;CHOCOLATE;7746;40;7745.0;52.0;;;7747;92;;;;;7746.0;0.0
3;14000;CHOCOLATE;7747;52;7746.0;75.0;;;7748;127;;;;;7747.0;0.0
3;14100;CHOCOLATE;7747;52;7746.0;93.0;;;7748;145;;;;;7747.0;0.0
3;14200;CHOCOLATE;7746;115;;;;;7748;115;;;;;7747.0;0.0
3;14300;CHOCOLATE;7749;64;7748.0;84.0;;;7750;148;;;;;7749.0;0.0
3;14400;CHOCOLATE;7749;121;;;;;7750;36;7751.0;85.0;;;7750.0;0.0
3;14500;CHOCOLATE;7748;101;;;;;7750;101;;;;;7749.0;0.0
3;14600;CHOCOLATE;7749;119;;;;;7750;42;7751.0;77.0;;;7750.0;0.0
3;14700;CHOCOLATE;7747;49;7746.0;80.0;;;7748;49;7749.0;80.0;;;7747.5;0.0
3;14800;CHOCOLATE;7747;41;7746.0;59.0;;;7748;100;;;;;7747.0;0.0
3;14900;CHOCOLATE;7747;141;;;;;7748;60;7749.0;81.0;;;7748.0;0.0
3;15000;CHOCOLATE;7749;43;7748.0;79.0;;;7750;122;;;;;7749.0;0.0
3;15100;CHOCOLATE;7748;89;;;;;7749;39;7750.0;50.0;;;7749.0;0.0
3;15200;CHOCOLATE;7748;131;;;;;7750;131;;;;;7749.0;0.0
3;15300;CHOCOLATE;7750;60;7749.0;71.0;;;7751;131;;;;;7750.0;0.0
3;15400;CHOCOLATE;7748;151;;;;;7750;151;;;;;7749.0;0.0
3;15500;CHOCOLATE;7748;56;7747.0;56.0;;;7749;112;;;;;7748.5;0.0
3;15600;CHOCOLATE;7747;52;7746.0;63.0;;;7748;52;7749.0;63.0;;;7747.5;0.0
3;15700;CHOCOLATE;7746;31;7745.0;55.0;;;7747;95;;;;;7746.0;0.0
3;15800;CHOCOLATE;7746;131;;;;;7748;131;;;;;7747.0;0.0
3;15900;CHOCOLATE;7747;118;;;;;7748;41;7749.0;77.0;;;7748.0;0.0
3;16000;CHOCOLATE;7747;123;;;;;7748;62;7749.0;61.0;;;7747.5;0.0
3;16100;CHOCOLATE;7746;89;;;;;7748;89;;;;;7747.0;0.0
3;16200;CHOCOLATE;7747;144;;;;;7748;62;7749.0;82.0;;;7748.0;0.0
3;16300;CHOCOLATE;7746;115;;;;;7747;49;7748.0;66.0;;;7747.0;0.0
3;16400;CHOCOLATE;7747;64;7746.0;86.0;;;7748;64;7749.0;86.0;;;7747.5;0.0
3;16500;CHOCOLATE;7746;49;7745.0;85.0;;;7747;134;;;;;7746.0;0.0
3;16600;CHOCOLATE;7745;151;;;;;7747;151;;;;;7746.0;0.0
3;16700;CHOCOLATE;7744;134;;;;;7745;38;7746.0;96.0;;;7745.0;0.0
3;16800;CHOCOLATE;7744;118;;;;;7746;118;;;;;7745.0;0.0
3;16900;CHOCOLATE;7746;54;7745.0;50.0;;;7747;60;7748.0;50.0;;;7746.5;0.0
3;17000;CHOCOLATE;7745;39;7744.0;76.0;;;7746;115;;;;;7745.0;0.0
3;17100;CHOCOLATE;7745;117;;;;;7747;117;;;;;7746.0;0.0
3;17200;CHOCOLATE;7745;116;;;;;7747;116;;;;;7746.0;0.0
3;17300;CHOCOLATE;7747;116;;;;;7749;116;;;;;7748.0;0.0
3;17400;CHOCOLATE;7747;53;7746.0;83.0;;;7748;136;;;;;7747.0;0.0
3;17500;CHOCOLATE;7747;93;;;;;7749;93;;;;;7748.0;0.0
3;17600;CHOCOLATE;7747;108;;;;;7748;47;7749.0;61.0;;;7748.0;0.0
3;17700;CHOCOLATE;7747;124;;;;;7748;47;7749.0;77.0;;;7748.0;0.0
3;17800;CHOCOLATE;7747;139;;;;;7749;139;;;;;7748.0;0.0
3;17900;CHOCOLATE;7747;101;;;;;7749;101;;;;;7748.0;0.0
3;18000;CHOCOLATE;7746;143;;;;;7748;143;;;;;7747.0;0.0
3;18100;CHOCOLATE;7745;143;;;;;7747;143;;;;;7746.0;0.0
3;18200;CHOCOLATE;7746;94;;;;;7748;94;;;;;7747.0;0.0
3;18300;CHOCOLATE;7747;40;7746.0;73.0;;;7748;40;7749.0;73.0;;;7747.5;0.0
3;18400;CHOCOLATE;7747;142;;;;;7749;142;;;;;7748.0;0.0
3;18500;CHOCOLATE;7746;36;7745.0;56.0;;;7747;36;7748.0;56.0;;;7746.5;0.0
3;18600;CHOCOLATE;7746;37;7745.0;52.0;;;7747;89;;;;;7746.0;0.0
3;18700;CHOCOLATE;7743;119;;;;;7745;119;;;;;7744.0;0.0
3;18800;CHOCOLATE;7743;51;7742.0;90.0;;;7744;51;7745.0;90.0;;;7743.5;0.0
3;18900;CHOCOLATE;7742;50;7741.0;100.0;;;7743;50;7744.0;100.0;;;7742.5;0.0
3;19000;CHOCOLATE;7742;53;7741.0;81.0;;;7743;134;;;;;7742.0;0.0
3;19100;CHOCOLATE;7743;5;7742.0;151.0;;;7744;151;;;;;7743.0;0.0
3;19200;CHOCOLATE;7743;141;;;;;7745;141;;;;;7744.0;0.0
3;19300;CHOCOLATE;7743;134;;;;;7744;63;7745.0;71.0;;;7744.0;0.0
3;19400;CHOCOLATE;7742;110;;;;;7744;110;;;;;7743.0;0.0
3;19500;CHOCOLATE;7741;105;;;;;7743;105;;;;;7742.0;0.0
3;19600;CHOCOLATE;7741;88;;;;;7742;35;7743.0;53.0;;;7742.0;0.0
3;19700;CHOCOLATE;7742;108;;;;;7743;43;7744.0;65.0;;;7743.0;0.0
3;19800;CHOCOLATE;7741;37;7740.0;52.0;;;7742;37;7743.0;52.0;;;7741.5;0.0
3;19900;CHOCOLATE;7742;94;;;;;7744;94;;;;;7743.0;0.0
3;20000;CHOCOLATE;7743;47;7742.0;88.0;;;7744;47;7745.0;88.0;;;7743.5;0.0
3;20100;CHOCOLATE;7743;113;;;;;7745;113;;;;;7744.0;0.0
3;20200;CHOCOLATE;7744;100;;;;;7745;39;7746.0;61.0;;;7745.0;0.0
3;20300;CHOCOLATE;7744;110;;;;;7745;48;7746.0;62.0;;;7745.0;0.0
3;20400;CHOCOLATE;7746;55;7745.0;66.0;;;7747;121;;;;;7746.0;0.0
3;20500;CHOCOLATE;7744;102;;;;;7746;102;;;;;7745.0;0.0
3;20600;CHOCOLATE;7744;144;;;;;7745;65;7746.0;79.0;;;7745.0;0.0
3;20700;CHOCOLATE;7744;117;;;;;7745;53;7746.0;64.0;;;7745.0;0.0
3;20800;CHOCOLATE;7745;41;7744.0;77.0;;;7746;118;;;;;7745.0;0.0
3;20900;CHOCOLATE;7744;43;7743.0;60.0;;;7745;43;7746.0;60.0;;;7744.5;0.0
3;21000;CHOCOLATE;7745;118;;;;;7746;59;7747.0;59.0;;;7745.5;0.0
3;21100;CHOCOLATE;7745;127;;;;;7747;127;;;;;7746.0;0.0
3;21200;CHOCOLATE;7747;114;;;;;7749;114;;;;;7748.0;0.0
3;21300;CHOCOLATE;7748;113;;;;;7750;113;;;;;7749.0;0.0
3;21400;CHOCOLATE;7749;123;;;;;7750;48;7751.0;75.0;;;7750.0;0.0
3;21500;CHOCOLATE;7751;36;7750.0;75.0;;;7752;36;7753.0;75.0;;;7751.5;0.0
3;21600;CHOCOLATE;7751;65;7750.0;72.0;;;7752;137;;;;;7751.0;0.0
3;21700;CHOCOLATE;7750;147;;;;;7752;147;;;;;7751.0;0.0
3;21800;CHOCOLATE;7752;111;;;;;7754;111;;;;;7753.0;0.0
3;21900;CHOCOLATE;7753;132;;;;;7754;42;7755.0;90.0;;;7754.0;0.0
3;22000;CHOCOLATE;7752;35;7751.0;94.0;;;7753;129;;;;;7752.0;0.0
3;22100;CHOCOLATE;7753;49;7752.0;79.0;;;7754;128;;;;;7753.0;0.0
3;22200;CHOCOLATE;7754;38;7753.0;77.0;;;7755;38;7756.0;77.0;;;7754.5;0.0
3;22300;CHOCOLATE;7752;138;;;;;7753;54;7754.0;94.0;;;7753.0;0.0
3;22400;CHOCOLATE;7752;138;;;;;7754;138;;;;;7753.0;0.0
3;22500;CHOCOLATE;7752;135;;;;;7754;135;;;;;7753.0;0.0
3;22600;CHOCOLATE;7753;138;;;;;7755;138;;;;;7754.0;0.0
3;22700;CHOCOLATE;7753;126;;;;;7755;126;;;;;7754.0;0.0
3;22800;CHOCOLATE;7753;121;;;;;7754;46;7755.0;75.0;;;7754.0;0.0
3;22900;CHOCOLATE;7752;90;;;;;7753;35;7754.0;55.0;;;7753.0;0.0
3;23000;CHOCOLATE;7753;94;;;;;7755;94;;;;;7754.0;0.0
3;23100;CHOCOLATE;7752;142;;;;;7753;57;7754.0;85.0;;;7753.0;0.0
3;23200;CHOCOLATE;7752;128;;;;;7754;128;;;;;7753.0;0.0
3;23300;CHOCOLATE;7752;113;;;;;7754;113;;;;;7753.0;0.0
3;23400;CHOCOLATE;7752;129;;;;;7753;59;7754.0;70.0;;;7753.0;0.0
3;23500;CHOCOLATE;7750;153;;;;;7751;60;7752.0;93.0;;;7751.0;0.0
3;23600;CHOCOLATE;7750;157;;;;;7752;157;;;;;7751.0;0.0
3;23700;CHOCOLATE;7750;43;7749.0;88.0;;;7751;43;7752.0;88.0;;;7750.5;0.0
3;23800;CHOCOLATE;7751;42;7750.0;90.0;;;7752;42;7753.0;90.0;;;7751.5;0.0
3;23900;CHOCOLATE;7751;40;7750.0;82.0;;;7752;40;7753.0;82.0;;;7751.5;0.0
3;24000;CHOCOLATE;7752;116;;;;;7754;116;;;;;7753.0;0.0
3;24100;CHOCOLATE;7752;48;7751.0;87.0;;;7753;48;7754.0;87.0;;;7752.5;0.0
3;24200;CHOCOLATE;7753;37;7752.0;74.0;;;7754;37;7755.0;74.0;;;7753.5;0.0
3;24300;CHOCOLATE;7751;54;7750.0;87.0;;;7752;54;7753.0;87.0;;;7751.5;0.0
3;24400;CHOCOLATE;7749;119;;;;;7751;119;;;;;7750.0;0.0
3;24500;CHOCOLATE;7749;146;;;;;7751;146;;;;;7750.0;0.0
3;24600;CHOCOLATE;7748;151;;;;;7750;151;;;;;7749.0;0.0
3;24700;CHOCOLATE;7749;149;;;;;7750;59;7751.0;96.0;;;7750.0;0.0
3;24800;CHOCOLATE;7749;158;;;;;7751;158;;;;;7750.0;0.0
3;24900;CHOCOLATE;7751;54;7750.0;54.0;;;7752;108;;;;;7751.5;0.0
3;25000;CHOCOLATE;7751;45;7750.0;54.0;;;7752;99;;;;;7751.0;0.0
3;25100;CHOCOLATE;7750;125;;;;;7752;125;;;;;7751.0;0.0
3;25200;CHOCOLATE;7752;135;;;;;7754;135;;;;;7753.0;0.0
3;25300;CHOCOLATE;7753;35;7752.0;56.0;;;7754;91;;;;;7753.0;0.0
3;25400;CHOCOLATE;7753;155;;;;;7755;155;;;;;7754.0;0.0
3;25500;CHOCOLATE;7753;114;;;;;7754;46;7755.0;68.0;;;7754.0;0.0
3;25600;CHOCOLATE;7753;119;;;;;7755;119;;;;;7754.0;0.0
3;25700;CHOCOLATE;7753;116;;;;;7755;116;;;;;7754.0;0.0
3;25800;CHOCOLATE;7753;62;7752.0;97.0;;;7754;159;;;;;7753.0;0.0
3;25900;CHOCOLATE;7752;140;;;;;7754;140;;;;;7753.0;0.0
3;26000;CHOCOLATE;7752;100;;;;;7754;100;;;;;7753.0;0.0
3;26100;CHOCOLATE;7750;144;;;;;7752;144;;;;;7751.0;0.0
3;26200;CHOCOLATE;7751;60;7750.0;94.0;;;7752;154;;;;;7751.0;0.0
3;26300;CHOCOLATE;7752;155;;;;;7754;155;;;;;7753.0;0.0
3;26400;CHOCOLATE;7751;133;;;;;7752;48;7753.0;85.0;;;7752.0;0.0
3;26500;CHOCOLATE;7752;129;;;;;7753;54;7754.0;75.0;;;7753.0;0.0
3;26600;CHOCOLATE;7754;56;7753.0;58.0;;;7755;114;;;;;7754.0;0.0
3;26700;CHOCOLATE;7753;42;7752.0;86.0;;;7754;128;;;;;7753.0;0.0
3;26800;CHOCOLATE;7753;110;;;;;7755;110;;;;;7754.0;0.0
3;26900;CHOCOLATE;7754;134;;;;;7755;46;7756.0;88.0;;;7755.0;0.0
3;27000;CHOCOLATE;7753;115;;;;;7754;48;7755.0;67.0;;;7754.0;0.0
3;27100;CHOCOLATE;7753;125;;;;;7754;36;7755.0;89.0;;;7754.0;0.0
3;27200;CHOCOLATE;7752;142;;;;;7754;142;;;;;7753.0;0.0
3;27300;CHOCOLATE;7751;123;;;;;7753;123;;;;;7752.0;0.0
3;27400;CHOCOLATE;7751;147;;;;;7752;59;7753.0;88.0;;;7752.0;0.0
3;27500;CHOCOLATE;7751;155;;;;;7752;56;7753.0;99.0;;;7752.0;0.0
3;27600;CHOCOLATE;7750;127;;;;;7752;127;;;;;7751.0;0.0
3;27700;CHOCOLATE;7751;122;;;;;7753;122;;;;;7752.0;0.0
3;27800;CHOCOLATE;7753;136;;;;;7755;136;;;;;7754.0;0.0
3;27900;CHOCOLATE;7754;36;7753.0;94.0;;;7755;130;;;;;7754.0;0.0
3;28000;CHOCOLATE;7753;160;;;;;7754;62;7755.0;98.0;;;7754.0;0.0
3;28100;CHOCOLATE;7752;131;;;;;7754;131;;;;;7753.0;0.0
3;28200;CHOCOLATE;7752;50;7751.0;78.0;;;7753;128;;;;;7752.0;0.0
3;28300;CHOCOLATE;7750;35;7749.0;94.0;;;7751;129;;;;;7750.0;0.0
3;28400;CHOCOLATE;7751;64;7750.0;70.0;;;7752;64;7753.0;70.0;;;7751.5;0.0
3;28500;CHOCOLATE;7753;58;7752.0;62.0;;;7754;120;;;;;7753.0;0.0
3;28600;CHOCOLATE;7752;130;;;;;7753;64;7754.0;66.0;;;7753.0;0.0
3;28700;CHOCOLATE;7752;50;7751.0;58.0;;;7753;108;;;;;7752.0;0.0
3;28800;CHOCOLATE;7751;133;;;;;7752;64;7753.0;69.0;;;7752.0;0.0
3;28900;CHOCOLATE;7750;90;;;;;7752;90;;;;;7751.0;0.0
3;29000;CHOCOLATE;7750;138;;;;;7752;138;;;;;7751.0;0.0
3;29100;CHOCOLATE;7751;42;7750.0;85.0;;;7752;127;;;;;7751.0;0.0
3;29200;CHOCOLATE;7752;127;;;;;7754;127;;;;;7753.0;0.0
3;29300;CHOCOLATE;7753;58;7752.0;57.0;;;7754;115;;;;;7753.5;0.0
3;29400;CHOCOLATE;7751;64;7750.0;74.0;;;7752;64;7753.0;74.0;;;7751.5;0.0
3;29500;CHOCOLATE;7750;54;7749.0;78.0;;;7751;54;7752.0;78.0;;;7750.5;0.0
3;29600;CHOCOLATE;7750;58;7749.0;50.0;;;7751;58;7752.0;50.0;;;7750.5;0.0
3;29700;CHOCOLATE;7749;131;;;;;7751;131;;;;;7750.0;0.0
3;29800;CHOCOLATE;7749;111;;;;;7750;58;7751.0;53.0;;;7749.5;0.0
3;29900;CHOCOLATE;7749;143;;;;;7750;61;7751.0;82.0;;;7750.0;0.0
3;30000;CHOCOLATE;7750;159;;;;;7752;159;;;;;7751.0;0.0
3;30100;CHOCOLATE;7750;137;;;;;7752;137;;;;;7751.0;0.0
3;30200;CHOCOLATE;7750;40;7749.0;94.0;;;7751;40;7752.0;94.0;;;7750.5;0.0
3;30300;CHOCOLATE;7750;115;;;;;7752;115;;;;;7751.0;0.0
3;30400;CHOCOLATE;7751;121;;;;;7752;35;7753.0;86.0;;;7752.0;0.0
3;30500;CHOCOLATE;7752;140;;;;;7754;140;;;;;7753.0;0.0
3;30600;CHOCOLATE;7753;64;7752.0;88.0;;;7754;152;;;;;7753.0;0.0
3;30700;CHOCOLATE;7753;152;;;;;7755;152;;;;;7754.0;0.0
3;30800;CHOCOLATE;7755;36;7754.0;63.0;;;7756;36;7757.0;63.0;;;7755.5;0.0
3;30900;CHOCOLATE;7754;110;;;;;7756;110;;;;;7755.0;0.0
3;31000;CHOCOLATE;7755;88;;;;;7756;35;7757.0;53.0;;;7756.0;0.0
3;31100;CHOCOLATE;7755;40;7754.0;78.0;;;7756;40;7757.0;78.0;;;7755.5;0.0
3;31200;CHOCOLATE;7753;6;7752.0;128.0;;;7754;128;;;;;7753.0;0.0
3;31300;CHOCOLATE;7753;140;;;;;7754;49;7755.0;91.0;;;7754.0;0.0
3;31400;CHOCOLATE;7752;139;;;;;7754;139;;;;;7753.0;0.0
3;31500;CHOCOLATE;7753;50;7752.0;71.0;;;7754;121;;;;;7753.0;0.0
3;31600;CHOCOLATE;7752;35;7751.0;93.0;;;7753;128;;;;;7752.0;0.0
3;31700;CHOCOLATE;7752;47;7751.0;64.0;;;7753;111;;;;;7752.0;0.0
3;31800;CHOCOLATE;7752;112;;;;;7754;112;;;;;7753.0;0.0
3;31900;CHOCOLATE;7752;118;;;;;7754;118;;;;;7753.0;0.0
3;32000;CHOCOLATE;7751;140;;;;;7753;140;;;;;7752.0;0.0
3;32100;CHOCOLATE;7752;105;;;;;7753;39;7754.0;66.0;;;7753.0;0.0
3;32200;CHOCOLATE;7753;65;7752.0;50.0;;;7754;65;7755.0;50.0;;;7753.5;0.0
3;32300;CHOCOLATE;7755;114;;;;;7756;64;7757.0;50.0;;;7755.5;0.0
3;32400;CHOCOLATE;7755;94;;;;;7757;94;;;;;7756.0;0.0
3;32500;CHOCOLATE;7754;110;;;;;7756;110;;;;;7755.0;0.0
3;32600;CHOCOLATE;7753;57;7752.0;80.0;;;7754;57;7755.0;80.0;;;7753.5;0.0
3;32700;CHOCOLATE;7753;126;;;;;7754;61;7755.0;75.0;;;7754.0;0.0
3;32800;CHOCOLATE;7755;134;;;;;7757;134;;;;;7756.0;0.0
3;32900;CHOCOLATE;7754;111;;;;;7755;56;7756.0;55.0;;;7754.5;0.0
3;33000;CHOCOLATE;7753;126;;;;;7754;36;7755.0;90.0;;;7754.0;0.0
3;33100;CHOCOLATE;7752;146;;;;;7754;146;;;;;7753.0;0.0
3;33200;CHOCOLATE;7753;129;;;;;7755;129;;;;;7754.0;0.0
3;33300;CHOCOLATE;7755;44;7754.0;55.0;;;7756;44;7757.0;55.0;;;7755.5;0.0
3;33400;CHOCOLATE;7755;104;;;;;7756;53;7757.0;51.0;;;7755.5;0.0
3;33500;CHOCOLATE;7757;62;7756.0;96.0;;;7758;158;;;;;7757.0;0.0
3;33600;CHOCOLATE;7755;52;7754.0;86.0;;;7756;138;;;;;7755.0;0.0
3;33700;CHOCOLATE;7754;40;7753.0;98.0;;;7755;138;;;;;7754.0;0.0
3;33800;CHOCOLATE;7754;138;;;;;7756;138;;;;;7755.0;0.0
3;33900;CHOCOLATE;7753;90;;;;;7755;95;;;;;7754.0;0.0
3;34000;CHOCOLATE;7753;42;7752.0;88.0;;;7754;130;;;;;7753.0;0.0
3;34100;CHOCOLATE;7752;121;;;;;7754;121;;;;;7753.0;0.0
3;34200;CHOCOLATE;7752;109;;;;;7754;109;;;;;7753.0;0.0
3;34300;CHOCOLATE;7752;151;;;;;7753;57;7754.0;94.0;;;7753.0;0.0
3;34400;CHOCOLATE;7752;135;;;;;7754;135;;;;;7753.0;0.0
3;34500;CHOCOLATE;7752;158;;;;;7754;158;;;;;7753.0;0.0
3;34600;CHOCOLATE;7753;149;;;;;7754;55;7755.0;84.0;;;7754.0;0.0
3;34700;CHOCOLATE;7752;58;7751.0;78.0;;;7753;136;;;;;7752.0;0.0
3;34800;CHOCOLATE;7754;60;7753.0;58.0;;;7755;118;;;;;7754.5;0.0
3;34900;CHOCOLATE;7754;50;7753.0;94.0;;;7755;144;;;;;7754.0;0.0
3;35000;CHOCOLATE;7752;101;;;;;7753;47;7754.0;54.0;;;7753.0;0.0
3;35100;CHOCOLATE;7752;130;;;;;7753;59;7754.0;71.0;;;7753.0;0.0
3;35200;CHOCOLATE;7751;97;;;;;7752;39;7753.0;58.0;;;7752.0;0.0
3;35300;CHOCOLATE;7751;136;;;;;7753;136;;;;;7752.0;0.0
3;35400;CHOCOLATE;7752;68;7751.0;82.0;;;7753;61;7754.0;82.0;;;7752.5;0.0
3;35500;CHOCOLATE;7753;152;;;;;7754;60;7755.0;92.0;;;7754.0;0.0
3;35600;CHOCOLATE;7754;38;7753.0;86.0;;;7755;124;;;;;7754.0;0.0
3;35700;CHOCOLATE;7755;143;;;;;7757;143;;;;;7756.0;0.0
3;35800;CHOCOLATE;7754;130;;;;;7756;130;;;;;7755.0;0.0
3;35900;CHOCOLATE;7753;138;;;;;7755;138;;;;;7754.0;0.0
3;36000;CHOCOLATE;7753;140;;;;;7754;43;7755.0;97.0;;;7754.0;0.0
3;36100;CHOCOLATE;7753;126;;;;;7754;52;7755.0;74.0;;;7754.0;0.0
3;36200;CHOCOLATE;7752;118;;;;;7754;118;;;;;7753.0;0.0
3;36300;CHOCOLATE;7754;37;7753.0;72.0;;;7755;109;;;;;7754.0;0.0
3;36400;CHOCOLATE;7753;123;;;;;7754;56;7755.0;67.0;;;7754.0;0.0
3;36500;CHOCOLATE;7754;116;;;;;7755;52;7756.0;64.0;;;7755.0;0.0
3;36600;CHOCOLATE;7754;120;;;;;7756;120;;;;;7755.0;0.0
3;36700;CHOCOLATE;7754;91;;;;;7755;40;7756.0;51.0;;;7755.0;0.0
3;36800;CHOCOLATE;7755;58;7754.0;78.0;;;7756;58;7757.0;78.0;;;7755.5;0.0
3;36900;CHOCOLATE;7755;151;;;;;7756;58;7757.0;93.0;;;7756.0;0.0
3;37000;CHOCOLATE;7756;156;;;;;7757;59;7758.0;97.0;;;7757.0;0.0
3;37100;CHOCOLATE;7755;43;7754.0;82.0;;;7756;43;7757.0;82.0;;;7755.5;0.0
3;37200;CHOCOLATE;7753;124;;;;;7754;46;7755.0;78.0;;;7754.0;0.0
3;37300;CHOCOLATE;7753;114;;;;;7755;114;;;;;7754.0;0.0
3;37400;CHOCOLATE;7753;126;;;;;7755;126;;;;;7754.0;0.0
3;37500;CHOCOLATE;7755;125;;;;;7757;125;;;;;7756.0;0.0
3;37600;CHOCOLATE;7754;132;;;;;7755;41;7756.0;91.0;;;7755.0;0.0
3;37700;CHOCOLATE;7754;144;;;;;7755;47;7756.0;97.0;;;7755.0;0.0
3;37800;CHOCOLATE;7755;111;;;;;7756;45;7757.0;60.0;;;7756.0;0.0
3;37900;CHOCOLATE;7755;119;;;;;7756;42;7757.0;77.0;;;7756.0;0.0
3;38000;CHOCOLATE;7753;159;;;;;7755;159;;;;;7754.0;0.0
3;38100;CHOCOLATE;7754;54;7753.0;67.0;;;7755;54;7756.0;67.0;;;7754.5;0.0
3;38200;CHOCOLATE;7754;117;;;;;7756;117;;;;;7755.0;0.0
3;38300;CHOCOLATE;7753;138;;;;;7755;138;;;;;7754.0;0.0
3;38400;CHOCOLATE;7753;131;;;;;7754;43;7755.0;88.0;;;7754.0;0.0
3;38500;CHOCOLATE;7753;154;;;;;7755;154;;;;;7754.0;0.0
3;38600;CHOCOLATE;7754;131;;;;;7756;131;;;;;7755.0;0.0
3;38700;CHOCOLATE;7754;116;;;;;7756;116;;;;;7755.0;0.0
3;38800;CHOCOLATE;7753;121;;;;;7755;121;;;;;7754.0;0.0
3;38900;CHOCOLATE;7753;131;;;;;7754;65;7755.0;66.0;;;7754.0;0.0
3;39000;CHOCOLATE;7753;145;;;;;7755;145;;;;;7754.0;0.0
3;39100;CHOCOLATE;7753;107;;;;;7754;39;7755.0;68.0;;;7754.0;0.0
3;39200;CHOCOLATE;7753;133;;;;;7754;62;7755.0;71.0;;;7754.0;0.0
3;39300;CHOCOLATE;7755;41;7754.0;65.0;;;7756;106;;;;;7755.0;0.0
3;39400;CHOCOLATE;7754;111;;;;;7756;111;;;;;7755.0;0.0
3;39500;CHOCOLATE;7753;140;;;;;7755;140;;;;;7754.0;0.0
3;39600;CHOCOLATE;7756;113;;;;;7758;113;;;;;7757.0;0.0
3;39700;CHOCOLATE;7757;118;;;;;7758;50;7759.0;68.0;;;7758.0;0.0
3;39800;CHOCOLATE;7757;55;7756.0;81.0;;;7758;55;7759.0;81.0;;;7757.5;0.0
3;39900;CHOCOLATE;7757;61;7756.0;66.0;;;7758;61;7759.0;66.0;;;7757.5;0.0
3;40000;CHOCOLATE;7758;50;7757.0;88.0;;;7759;138;;;;;7758.0;0.0
3;40100;CHOCOLATE;7758;143;;;;;7759;45;7760.0;98.0;;;7759.0;0.0
3;40200;CHOCOLATE;7759;58;7758.0;74.0;;;7760;132;;;;;7759.0;0.0
3;40300;CHOCOLATE;7757;113;;;;;7759;113;;;;;7758.0;0.0
3;40400;CHOCOLATE;7757;36;7756.0;76.0;;;7758;36;7759.0;76.0;;;7757.5;0.0
3;40500;CHOCOLATE;7757;42;7756.0;85.0;;;7758;42;7759.0;85.0;;;7757.5;0.0
3;40600;CHOCOLATE;7757;123;;;;;7758;35;7759.0;88.0;;;7758.0;0.0
3;40700;CHOCOLATE;7756;162;;;;;7758;162;;;;;7757.0;0.0
3;40800;CHOCOLATE;7755;133;;;;;7757;133;;;;;7756.0;0.0
3;40900;CHOCOLATE;7755;63;7754.0;94.0;;;7756;153;;;;;7755.0;0.0
3;41000;CHOCOLATE;7754;107;;;;;7756;107;;;;;7755.0;0.0
3;41100;CHOCOLATE;7753;138;;;;;7755;138;;;;;7754.0;0.0
3;41200;CHOCOLATE;7752;93;;;;;7753;35;7754.0;58.0;;;7753.0;0.0
3;41300;CHOCOLATE;7751;138;;;;;7752;62;7753.0;76.0;;;7752.0;0.0
3;41400;CHOCOLATE;7752;63;7751.0;74.0;;;7753;137;;;;;7752.0;0.0
3;41500;CHOCOLATE;7751;62;7750.0;58.0;;;7752;120;;;;;7751.5;0.0
3;41600;CHOCOLATE;7749;105;;;;;7751;105;;;;;7750.0;0.0
3;41700;CHOCOLATE;7748;43;7747.0;85.0;;;7749;43;7750.0;85.0;;;7748.5;0.0
3;41800;CHOCOLATE;7748;114;;;;;7750;114;;;;;7749.0;0.0
3;41900;CHOCOLATE;7748;145;;;;;7750;145;;;;;7749.0;0.0
3;42000;CHOCOLATE;7749;130;;;;;7750;60;7751.0;70.0;;;7750.0;0.0
3;42100;CHOCOLATE;7749;38;7748.0;54.0;;;7750;92;;;;;7749.0;0.0
3;42200;CHOCOLATE;7751;142;;;;;7752;55;7753.0;87.0;;;7752.0;0.0
3;42300;CHOCOLATE;7751;57;7750.0;55.0;;;7752;57;7753.0;55.0;;;7751.5;0.0
3;42400;CHOCOLATE;7751;135;;;;;7753;135;;;;;7752.0;0.0
3;42500;CHOCOLATE;7750;114;;;;;7752;114;;;;;7751.0;0.0
3;42600;CHOCOLATE;7751;106;;;;;7753;106;;;;;7752.0;0.0
3;42700;CHOCOLATE;7750;55;7749.0;98.0;;;7751;55;7752.0;98.0;;;7750.5;0.0
3;42800;CHOCOLATE;7749;41;7748.0;93.0;;;7750;134;;;;;7749.0;0.0
3;42900;CHOCOLATE;7748;44;7747.0;96.0;;;7749;140;;;;;7748.0;0.0
3;43000;CHOCOLATE;7746;133;;;;;7748;133;;;;;7747.0;0.0
3;43100;CHOCOLATE;7747;39;7746.0;67.0;;;7748;115;;;;;7747.0;0.0
3;43200;CHOCOLATE;7745;108;;;;;7747;108;;;;;7746.0;0.0
3;43300;CHOCOLATE;7747;31;7746.0;50.0;;;7748;90;;;;;7747.0;0.0
3;43400;CHOCOLATE;7747;144;;;;;7749;144;;;;;7748.0;0.0
3;43500;CHOCOLATE;7747;58;7746.0;92.0;;;7748;150;;;;;7747.0;0.0
3;43600;CHOCOLATE;7746;131;;;;;7748;131;;;;;7747.0;0.0
3;43700;CHOCOLATE;7748;148;;;;;7749;61;7750.0;87.0;;;7749.0;0.0
3;43800;CHOCOLATE;7749;62;7748.0;66.0;;;7750;62;7751.0;66.0;;;7749.5;0.0
3;43900;CHOCOLATE;7748;98;;;;;7750;98;;;;;7749.0;0.0
3;44000;CHOCOLATE;7748;126;;;;;7750;126;;;;;7749.0;0.0
3;44100;CHOCOLATE;7749;49;7748.0;79.0;;;7750;128;;;;;7749.0;0.0
3;44200;CHOCOLATE;7748;119;;;;;7750;119;;;;;7749.0;0.0
3;44300;CHOCOLATE;7749;133;;;;;7751;133;;;;;7750.0;0.0
3;44400;CHOCOLATE;7750;116;;;;;7751;49;7752.0;67.0;;;7751.0;0.0
3;44500;CHOCOLATE;7749;38;7748.0;68.0;;;7750;106;;;;;7749.0;0.0
3;44600;CHOCOLATE;7748;117;;;;;7750;117;;;;;7749.0;0.0
3;44700;CHOCOLATE;7749;54;7748.0;82.0;;;7750;136;;;;;7749.0;0.0
3;44800;CHOCOLATE;7749;144;;;;;7750;61;7751.0;75.0;;;7750.0;0.0
3;44900;CHOCOLATE;7748;38;7747.0;82.0;;;7749;120;;;;;7748.0;0.0
3;45000;CHOCOLATE;7748;42;7747.0;91.0;;;7749;42;7750.0;91.0;;;7748.5;0.0
3;45100;CHOCOLATE;7749;44;7748.0;66.0;;;7750;116;;;;;7749.0;0.0
3;45200;CHOCOLATE;7749;157;;;;;7750;62;7751.0;95.0;;;7750.0;0.0
3;45300;CHOCOLATE;7748;59;7747.0;60.0;;;7749;119;;;;;7748.0;0.0
3;45400;CHOCOLATE;7749;133;;;;;7750;40;7751.0;93.0;;;7750.0;0.0
3;45500;CHOCOLATE;7749;105;;;;;7751;105;;;;;7750.0;0.0
3;45600;CHOCOLATE;7750;41;7749.0;53.0;;;7751;94;;;;;7750.0;0.0
3;45700;CHOCOLATE;7749;131;;;;;7751;131;;;;;7750.0;0.0
3;45800;CHOCOLATE;7751;138;;;;;7752;64;7753.0;74.0;;;7752.0;0.0
3;45900;CHOCOLATE;7752;47;7751.0;92.0;;;7753;139;;;;;7752.0;0.0
3;46000;CHOCOLATE;7753;103;;;;;7754;48;7755.0;55.0;;;7754.0;0.0
3;46100;CHOCOLATE;7751;47;7750.0;70.0;;;7752;47;7753.0;70.0;;;7751.5;0.0
3;46200;CHOCOLATE;7751;138;;;;;7753;138;;;;;7752.0;0.0
3;46300;CHOCOLATE;7752;36;7751.0;86.0;;;7753;122;;;;;7752.0;0.0
3;46400;CHOCOLATE;7752;119;;;;;7753;42;7754.0;77.0;;;7753.0;0.0
3;46500;CHOCOLATE;7753;96;;;;;7754;41;7755.0;55.0;;;7754.0;0.0
3;46600;CHOCOLATE;7753;156;;;;;7754;64;7755.0;92.0;;;7754.0;0.0
3;46700;CHOCOLATE;7754;99;;;;;7755;43;7756.0;56.0;;;7755.0;0.0
3;46800;CHOCOLATE;7753;152;;;;;7754;61;7755.0;91.0;;;7754.0;0.0
3;46900;CHOCOLATE;7753;110;;;;;7755;110;;;;;7754.0;0.0
3;47000;CHOCOLATE;7754;113;;;;;7755;61;7756.0;52.0;;;7754.5;0.0
3;47100;CHOCOLATE;7753;128;;;;;7755;128;;;;;7754.0;0.0
3;47200;CHOCOLATE;7752;144;;;;;7754;144;;;;;7753.0;0.0
3;47300;CHOCOLATE;7753;39;7752.0;77.0;;;7754;116;;;;;7753.0;0.0
3;47400;CHOCOLATE;7755;55;7754.0;63.0;;;7756;113;;;;;7755.0;0.0
3;47500;CHOCOLATE;7756;48;7755.0;72.0;;;7757;120;;;;;7756.0;0.0
3;47600;CHOCOLATE;7758;123;;;;;7759;38;7760.0;85.0;;;7759.0;0.0
3;47700;CHOCOLATE;7757;124;;;;;7759;124;;;;;7758.0;0.0
3;47800;CHOCOLATE;7757;119;;;;;7759;119;;;;;7758.0;0.0
3;47900;CHOCOLATE;7758;48;7757.0;52.0;;;7759;100;;;;;7758.0;0.0
3;48000;CHOCOLATE;7757;136;;;;;7758;63;7759.0;73.0;;;7758.0;0.0
3;48100;CHOCOLATE;7757;107;;;;;7758;53;7759.0;54.0;;;7758.0;0.0
3;48200;CHOCOLATE;7757;57;7756.0;81.0;;;7758;138;;;;;7757.0;0.0
3;48300;CHOCOLATE;7757;101;;;;;7759;101;;;;;7758.0;0.0
3;48400;CHOCOLATE;7756;116;;;;;7757;58;7758.0;58.0;;;7756.5;0.0
3;48500;CHOCOLATE;7758;100;;;;;7759;40;7760.0;50.0;;;7759.0;0.0
3;48600;CHOCOLATE;7759;45;7758.0;64.0;;;7760;109;;;;;7759.0;0.0
3;48700;CHOCOLATE;7759;147;;;;;7760;65;7761.0;82.0;;;7760.0;0.0
3;48800;CHOCOLATE;7760;148;;;;;7762;148;;;;;7761.0;0.0
3;48900;CHOCOLATE;7760;111;;;;;7762;116;;;;;7761.0;0.0
3;49000;CHOCOLATE;7762;57;7761.0;66.0;;;7763;123;;;;;7762.0;0.0
3;49100;CHOCOLATE;7761;99;;;;;7763;99;;;;;7762.0;0.0
3;49200;CHOCOLATE;7760;131;;;;;7761;52;7762.0;79.0;;;7761.0;0.0
3;49300;CHOCOLATE;7760;57;7759.0;61.0;;;7761;57;7762.0;61.0;;;7760.5;0.0
3;49400;CHOCOLATE;7759;121;;;;;7761;121;;;;;7760.0;0.0
3;49500;CHOCOLATE;7759;140;;;;;7760;64;7761.0;76.0;;;7760.0;0.0
3;49600;CHOCOLATE;7759;61;7758.0;97.0;;;7760;61;7761.0;97.0;;;7759.5;0.0
3;49700;CHOCOLATE;7760;98;;;;;7762;98;;;;;7761.0;0.0
3;49800;CHOCOLATE;7759;124;;;;;7760;61;7761.0;63.0;;;7760.0;0.0
3;49900;CHOCOLATE;7760;53;7759.0;72.0;;;7761;125;;;;;7760.0;0.0
3;50000;CHOCOLATE;7760;55;7759.0;50.0;;;7761;105;;;;;7760.5;0.0
3;50100;CHOCOLATE;7761;135;;;;;7762;39;7763.0;96.0;;;7762.0;0.0
3;50200;CHOCOLATE;7760;152;;;;;7762;152;;;;;7761.0;0.0
3;50300;CHOCOLATE;7761;49;7760.0;69.0;;;7762;118;;;;;7761.0;0.0
3;50400;CHOCOLATE;7761;96;;;;;7763;96;;;;;7762.0;0.0
3;50500;CHOCOLATE;7761;64;7760.0;60.0;;;7762;124;;;;;7761.5;0.0
3;50600;CHOCOLATE;7761;149;;;;;7763;149;;;;;7762.0;0.0
3;50700;CHOCOLATE;7760;40;7759.0;69.0;;;7761;109;;;;;7760.0;0.0
3;50800;CHOCOLATE;7759;117;;;;;7761;117;;;;;7760.0;0.0
3;50900;CHOCOLATE;7761;47;7760.0;60.0;;;7762;47;7763.0;60.0;;;7761.5;0.0
3;51000;CHOCOLATE;7761;115;;;;;7762;36;7763.0;79.0;;;7762.0;0.0
3;51100;CHOCOLATE;7759;104;;;;;7761;104;;;;;7760.0;0.0
3;51200;CHOCOLATE;7760;50;7759.0;64.0;;;7761;105;;;;;7760.0;0.0
3;51300;CHOCOLATE;7761;50;7760.0;87.0;;;7762;137;;;;;7761.0;0.0
3;51400;CHOCOLATE;7759;65;7758.0;78.0;;;7760;65;7761.0;78.0;;;7759.5;0.0
3;51500;CHOCOLATE;7758;110;;;;;7759;36;7760.0;74.0;;;7759.0;0.0
3;51600;CHOCOLATE;7759;53;7758.0;53.0;;;7760;106;;;;;7759.5;0.0
3;51700;CHOCOLATE;7758;107;;;;;7760;114;;;;;7759.0;0.0
3;51800;CHOCOLATE;7758;143;;;;;7759;50;7760.0;93.0;;;7759.0;0.0
3;51900;CHOCOLATE;7756;132;;;;;7757;62;7758.0;70.0;;;7757.0;0.0
3;52000;CHOCOLATE;7756;48;7755.0;67.0;;;7757;115;;;;;7756.0;0.0
3;52100;CHOCOLATE;7757;148;;;;;7759;148;;;;;7758.0;0.0
3;52200;CHOCOLATE;7758;64;7757.0;78.0;;;7759;142;;;;;7758.0;0.0
3;52300;CHOCOLATE;7757;52;7756.0;55.0;;;7758;107;;;;;7757.0;0.0
3;52400;CHOCOLATE;7754;119;;;;;7756;119;;;;;7755.0;0.0
3;52500;CHOCOLATE;7754;137;;;;;7756;137;;;;;7755.0;0.0
3;52600;CHOCOLATE;7754;118;;;;;7756;118;;;;;7755.0;0.0
3;52700;CHOCOLATE;7755;137;;;;;7756;38;7757.0;99.0;;;7756.0;0.0
3;52800;CHOCOLATE;7753;155;;;;;7755;155;;;;;7754.0;0.0
3;52900;CHOCOLATE;7756;43;7755.0;56.0;;;7757;99;;;;;7756.0;0.0
3;53000;CHOCOLATE;7755;119;;;;;7756;36;7757.0;83.0;;;7756.0;0.0
3;53100;CHOCOLATE;7755;108;;;;;7756;53;7757.0;55.0;;;7756.0;0.0
3;53200;CHOCOLATE;7756;59;7755.0;73.0;;;7757;132;;;;;7756.0;0.0
3;53300;CHOCOLATE;7754;105;;;;;7756;105;;;;;7755.0;0.0
3;53400;CHOCOLATE;7755;124;;;;;7756;38;7757.0;86.0;;;7756.0;0.0
3;53500;CHOCOLATE;7756;42;7755.0;77.0;;;7757;119;;;;;7756.0;0.0
3;53600;CHOCOLATE;7756;162;;;;;7758;162;;;;;7757.0;0.0
3;53700;CHOCOLATE;7755;138;;;;;7757;138;;;;;7756.0;0.0
3;53800;CHOCOLATE;7755;127;;;;;7757;127;;;;;7756.0;0.0
3;53900;CHOCOLATE;7757;51;7756.0;81.0;;;7758;132;;;;;7757.0;0.0
3;54000;CHOCOLATE;7756;139;;;;;7757;44;7758.0;95.0;;;7757.0;0.0
3;54100;CHOCOLATE;7757;64;7756.0;72.0;;;7758;136;;;;;7757.0;0.0
3;54200;CHOCOLATE;7756;147;;;;;7758;147;;;;;7757.0;0.0
3;54300;CHOCOLATE;7756;61;7755.0;96.0;;;7757;157;;;;;7756.0;0.0
3;54400;CHOCOLATE;7754;146;;;;;7756;146;;;;;7755.0;0.0
3;54500;CHOCOLATE;7755;46;7754.0;91.0;;;7756;46;7757.0;91.0;;;7755.5;0.0
3;54600;CHOCOLATE;7755;34;7754.0;59.0;;;7756;41;7757.0;59.0;;;7755.5;0.0
3;54700;CHOCOLATE;7758;42;7757.0;75.0;;;7759;117;;;;;7758.0;0.0
3;54800;CHOCOLATE;7757;96;;;;;7758;43;7759.0;53.0;;;7758.0;0.0
3;54900;CHOCOLATE;7756;141;;;;;7757;51;7758.0;90.0;;;7757.0;0.0
3;55000;CHOCOLATE;7755;130;;;;;7757;130;;;;;7756.0;0.0
3;55100;CHOCOLATE;7755;133;;;;;7757;133;;;;;7756.0;0.0
3;55200;CHOCOLATE;7755;126;;;;;7756;35;7757.0;91.0;;;7756.0;0.0
3;55300;CHOCOLATE;7754;123;;;;;7756;123;;;;;7755.0;0.0
3;55400;CHOCOLATE;7755;139;;;;;7757;139;;;;;7756.0;0.0
3;55500;CHOCOLATE;7754;134;;;;;7756;134;;;;;7755.0;0.0
3;55600;CHOCOLATE;7755;40;7754.0;90.0;;;7756;40;7757.0;90.0;;;7755.5;0.0
3;55700;CHOCOLATE;7753;62;7752.0;70.0;;;7754;132;;;;;7753.0;0.0
3;55800;CHOCOLATE;7752;123;;;;;7754;123;;;;;7753.0;0.0
3;55900;CHOCOLATE;7751;96;;;;;7753;96;;;;;7752.0;0.0
3;56000;CHOCOLATE;7750;154;;;;;7752;154;;;;;7751.0;0.0
3;56100;CHOCOLATE;7749;127;;;;;7751;127;;;;;7750.0;0.0
3;56200;CHOCOLATE;7749;151;;;;;7751;151;;;;;7750.0;0.0
3;56300;CHOCOLATE;7750;49;7749.0;84.0;;;7751;133;;;;;7750.0;0.0
3;56400;CHOCOLATE;7750;54;7749.0;67.0;;;7751;54;7752.0;67.0;;;7750.5;0.0
3;56500;CHOCOLATE;7751;163;;;;;7752;64;7753.0;99.0;;;7752.0;0.0
3;56600;CHOCOLATE;7750;53;7749.0;66.0;;;7751;53;7752.0;66.0;;;7750.5;0.0
3;56700;CHOCOLATE;7749;99;;;;;7751;99;;;;;7750.0;0.0
3;56800;CHOCOLATE;7751;52;7750.0;59.0;;;7752;111;;;;;7751.0;0.0
3;56900;CHOCOLATE;7752;58;7751.0;92.0;;;7753;150;;;;;7752.0;0.0
3;57000;CHOCOLATE;7750;143;;;;;7752;143;;;;;7751.0;0.0
3;57100;CHOCOLATE;7751;62;7750.0;96.0;;;7752;158;;;;;7751.0;0.0
3;57200;CHOCOLATE;7752;58;7751.0;78.0;;;7753;136;;;;;7752.0;0.0
3;57300;CHOCOLATE;7750;133;;;;;7752;133;;;;;7751.0;0.0
3;57400;CHOCOLATE;7752;131;;;;;7753;43;7754.0;88.0;;;7753.0;0.0
3;57500;CHOCOLATE;7752;112;;;;;7753;36;7754.0;76.0;;;7753.0;0.0
3;57600;CHOCOLATE;7753;104;;;;;7754;39;7755.0;65.0;;;7754.0;0.0
3;57700;CHOCOLATE;7753;145;;;;;7755;145;;;;;7754.0;0.0
3;57800;CHOCOLATE;7754;35;7753.0;72.0;;;7755;35;7756.0;72.0;;;7754.5;0.0
3;57900;CHOCOLATE;7752;129;;;;;7754;129;;;;;7753.0;0.0
3;58000;CHOCOLATE;7753;42;7752.0;82.0;;;7754;119;;;;;7753.0;0.0
3;58100;CHOCOLATE;7753;71;7752.0;63.0;;;7754;62;7755.0;63.0;;;7754.0;0.0
3;58200;CHOCOLATE;7753;136;;;;;7755;136;;;;;7754.0;0.0
3;58300;CHOCOLATE;7755;114;;;;;7757;114;;;;;7756.0;0.0
3;58400;CHOCOLATE;7755;156;;;;;7757;156;;;;;7756.0;0.0
3;58500;CHOCOLATE;7755;123;;;;;7757;123;;;;;7756.0;0.0
3;58600;CHOCOLATE;7757;114;;;;;7759;114;;;;;7758.0;0.0
3;58700;CHOCOLATE;7757;124;;;;;7759;124;;;;;7758.0;0.0
3;58800;CHOCOLATE;7759;104;;;;;7761;104;;;;;7760.0;0.0
3;58900;CHOCOLATE;7760;115;;;;;7762;115;;;;;7761.0;0.0
3;59000;CHOCOLATE;7759;31;7758.0;67.0;;;7760;107;;;;;7759.0;0.0
3;59100;CHOCOLATE;7759;48;7758.0;99.0;;;7760;48;7761.0;99.0;;;7759.5;0.0
3;59200;CHOCOLATE;7758;87;;;;;7760;87;;;;;7759.0;0.0
3;59300;CHOCOLATE;7758;144;;;;;7760;144;;;;;7759.0;0.0
3;59400;CHOCOLATE;7758;46;7757.0;81.0;;;7759;127;;;;;7758.0;0.0
3;59500;CHOCOLATE;7757;120;;;;;7759;120;;;;;7758.0;0.0
3;59600;CHOCOLATE;7757;117;;;;;7758;40;7759.0;77.0;;;7758.0;0.0
3;59700;CHOCOLATE;7758;36;7757.0;100.0;;;7759;136;;;;;7758.0;0.0
3;59800;CHOCOLATE;7757;112;;;;;7759;112;;;;;7758.0;0.0
3;59900;CHOCOLATE;7758;64;7757.0;58.0;;;7759;64;7760.0;58.0;;;7758.5;0.0
3;60000;CHOCOLATE;7760;120;;;;;7762;120;;;;;7761.0;0.0
3;60100;CHOCOLATE;7761;90;;;;;7762;39;7763.0;51.0;;;7762.0;0.0
3;60200;CHOCOLATE;7759;126;;;;;7761;126;;;;;7760.0;0.0
3;60300;CHOCOLATE;7761;48;7760.0;95.0;;;7762;48;7763.0;95.0;;;7761.5;0.0
3;60400;CHOCOLATE;7761;100;;;;;7763;100;;;;;7762.0;0.0
3;60500;CHOCOLATE;7761;103;;;;;7763;103;;;;;7762.0;0.0
3;60600;CHOCOLATE;7760;103;;;;;7762;103;;;;;7761.0;0.0
3;60700;CHOCOLATE;7760;136;;;;;7761;60;7762.0;76.0;;;7761.0;0.0
3;60800;CHOCOLATE;7761;140;;;;;7763;140;;;;;7762.0;0.0
3;60900;CHOCOLATE;7760;52;7759.0;93.0;;;7761;145;;;;;7760.0;0.0
3;61000;CHOCOLATE;7758;132;;;;;7759;44;7760.0;88.0;;;7759.0;0.0
3;61100;CHOCOLATE;7758;121;;;;;7760;121;;;;;7759.0;0.0
3;61200;CHOCOLATE;7758;53;7757.0;94.0;;;7759;147;;;;;7758.0;0.0
3;61300;CHOCOLATE;7758;135;;;;;7759;7;7760.0;135.0;;;7759.0;0.0
3;61400;CHOCOLATE;7759;119;;;;;7761;119;;;;;7760.0;0.0
3;61500;CHOCOLATE;7760;43;7759.0;79.0;;;7761;122;;;;;7760.0;0.0
3;61600;CHOCOLATE;7762;124;;;;;7764;116;;;;;7763.0;0.0
3;61700;CHOCOLATE;7765;65;7764.0;66.0;;;7766;65;7767.0;66.0;;;7765.5;0.0
3;61800;CHOCOLATE;7765;129;;;;;7766;60;7767.0;69.0;;;7766.0;0.0
3;61900;CHOCOLATE;7765;52;7764.0;70.0;;;7766;52;7767.0;70.0;;;7765.5;0.0
3;62000;CHOCOLATE;7764;109;;;;;7766;100;;;;;7765.0;0.0
3;62100;CHOCOLATE;7764;57;7763.0;63.0;;;7765;57;7766.0;63.0;;;7764.5;0.0
3;62200;CHOCOLATE;7764;131;;;;;7766;131;;;;;7765.0;0.0
3;62300;CHOCOLATE;7764;130;;;;;7766;130;;;;;7765.0;0.0
3;62400;CHOCOLATE;7763;139;;;;;7764;6;7765.0;139.0;;;7764.0;0.0
3;62500;CHOCOLATE;7764;62;7763.0;50.0;;;7765;55;7766.0;50.0;;;7764.5;0.0
3;62600;CHOCOLATE;7764;131;;;;;7765;48;7766.0;83.0;;;7765.0;0.0
3;62700;CHOCOLATE;7764;42;7763.0;74.0;;;7765;42;7766.0;74.0;;;7764.5;0.0
3;62800;CHOCOLATE;7763;111;;;;;7764;40;7765.0;71.0;;;7764.0;0.0
3;62900;CHOCOLATE;7764;121;;;;;7766;121;;;;;7765.0;0.0
3;63000;CHOCOLATE;7765;127;;;;;7766;40;7767.0;87.0;;;7766.0;0.0
3;63100;CHOCOLATE;7766;42;7765.0;73.0;;;7767;115;;;;;7766.0;0.0
3;63200;CHOCOLATE;7765;111;;;;;7767;111;;;;;7766.0;0.0
3;63300;CHOCOLATE;7767;46;7766.0;100.0;;;7768;46;7769.0;100.0;;;7767.5;0.0
3;63400;CHOCOLATE;7767;149;;;;;7769;149;;;;;7768.0;0.0
3;63500;CHOCOLATE;7767;121;;;;;7769;121;;;;;7768.0;0.0
3;63600;CHOCOLATE;7765;112;;;;;7766;57;7767.0;55.0;;;7765.5;0.0
3;63700;CHOCOLATE;7765;54;7764.0;70.0;;;7766;54;7767.0;70.0;;;7765.5;0.0
3;63800;CHOCOLATE;7766;128;;;;;7767;36;7768.0;92.0;;;7767.0;0.0
3;63900;CHOCOLATE;7765;155;;;;;7766;55;7767.0;100.0;;;7766.0;0.0
3;64000;CHOCOLATE;7765;104;;;;;7766;50;7767.0;54.0;;;7766.0;0.0
3;64100;CHOCOLATE;7764;48;7763.0;84.0;;;7765;48;7766.0;84.0;;;7764.5;0.0
3;64200;CHOCOLATE;7762;69;7761.0;52.0;;;7763;62;7764.0;52.0;;;7762.5;0.0
3;64300;CHOCOLATE;7760;117;;;;;7762;117;;;;;7761.0;0.0
3;64400;CHOCOLATE;7759;125;;;;;7760;52;7761.0;68.0;;;7760.0;0.0
3;64500;CHOCOLATE;7759;140;;;;;7760;42;7761.0;98.0;;;7760.0;0.0
3;64600;CHOCOLATE;7759;54;7758.0;72.0;;;7760;126;;;;;7759.0;0.0
3;64700;CHOCOLATE;7760;145;;;;;7761;55;7762.0;90.0;;;7761.0;0.0
3;64800;CHOCOLATE;7761;153;;;;;7763;153;;;;;7762.0;0.0
3;64900;CHOCOLATE;7763;57;7762.0;84.0;;;7764;57;7765.0;84.0;;;7763.5;0.0
3;65000;CHOCOLATE;7763;122;;;;;7765;122;;;;;7764.0;0.0
3;65100;CHOCOLATE;7761;120;;;;;7763;120;;;;;7762.0;0.0
3;65200;CHOCOLATE;7762;35;7761.0;72.0;;;7763;107;;;;;7762.0;0.0
3;65300;CHOCOLATE;7762;109;;;;;7763;41;7764.0;68.0;;;7763.0;0.0
3;65400;CHOCOLATE;7763;122;;;;;7765;122;;;;;7764.0;0.0
3;65500;CHOCOLATE;7763;95;;;;;7765;95;;;;;7764.0;0.0
3;65600;CHOCOLATE;7763;53;7762.0;77.0;;;7764;53;7765.0;77.0;;;7763.5;0.0
3;65700;CHOCOLATE;7764;147;;;;;7766;147;;;;;7765.0;0.0
3;65800;CHOCOLATE;7764;103;;;;;7766;103;;;;;7765.0;0.0
3;65900;CHOCOLATE;7764;71;7763.0;85.0;;;7765;150;;;;;7764.0;0.0
3;66000;CHOCOLATE;7762;129;;;;;7763;50;7764.0;79.0;;;7763.0;0.0
3;66100;CHOCOLATE;7762;63;7761.0;71.0;;;7763;63;7764.0;71.0;;;7762.5;0.0
3;66200;CHOCOLATE;7762;49;7761.0;90.0;;;7763;49;7764.0;90.0;;;7762.5;0.0
3;66300;CHOCOLATE;7763;38;7762.0;78.0;;;7764;116;;;;;7763.0;0.0
3;66400;CHOCOLATE;7763;38;7762.0;80.0;;;7764;118;;;;;7763.0;0.0
3;66500;CHOCOLATE;7761;52;7760.0;62.0;;;7762;114;;;;;7761.0;0.0
3;66600;CHOCOLATE;7761;98;;;;;7763;98;;;;;7762.0;0.0
3;66700;CHOCOLATE;7760;97;;;;;7762;97;;;;;7761.0;0.0
3;66800;CHOCOLATE;7760;102;;;;;7761;36;7762.0;66.0;;;7761.0;0.0
3;66900;CHOCOLATE;7759;114;;;;;7761;114;;;;;7760.0;0.0
3;67000;CHOCOLATE;7757;124;;;;;7759;124;;;;;7758.0;0.0
3;67100;CHOCOLATE;7758;63;7757.0;75.0;;;7759;63;7760.0;75.0;;;7758.5;0.0
3;67200;CHOCOLATE;7757;143;;;;;7759;143;;;;;7758.0;0.0
3;67300;CHOCOLATE;7759;136;;;;;7760;46;7761.0;90.0;;;7760.0;0.0
3;67400;CHOCOLATE;7759;119;;;;;7761;119;;;;;7760.0;0.0
3;67500;CHOCOLATE;7760;51;7759.0;93.0;;;7761;139;;;;;7760.0;0.0
3;67600;CHOCOLATE;7760;96;;;;;7762;96;;;;;7761.0;0.0
3;67700;CHOCOLATE;7760;129;;;;;7762;129;;;;;7761.0;0.0
3;67800;CHOCOLATE;7760;102;;;;;7762;102;;;;;7761.0;0.0
3;67900;CHOCOLATE;7762;126;;;;;7764;126;;;;;7763.0;0.0
3;68000;CHOCOLATE;7763;119;;;;;7764;50;7765.0;64.0;;;7764.0;0.0
3;68100;CHOCOLATE;7763;94;;;;;7765;94;;;;;7764.0;0.0
3;68200;CHOCOLATE;7763;65;7762.0;79.0;;;7764;144;;;;;7763.0;0.0
3;68300;CHOCOLATE;7761;146;;;;;7763;146;;;;;7762.0;0.0
3;68400;CHOCOLATE;7761;50;7760.0;92.0;;;7762;142;;;;;7761.0;0.0
3;68500;CHOCOLATE;7760;58;7759.0;66.0;;;7761;58;7762.0;66.0;;;7760.5;0.0
3;68600;CHOCOLATE;7760;47;7759.0;85.0;;;7761;132;;;;;7760.0;0.0
3;68700;CHOCOLATE;7758;115;;;;;7760;115;;;;;7759.0;0.0
3;68800;CHOCOLATE;7758;111;;;;;7759;54;7760.0;57.0;;;7759.0;0.0
3;68900;CHOCOLATE;7759;54;7758.0;73.0;;;7760;127;;;;;7759.0;0.0
3;69000;CHOCOLATE;7760;65;7759.0;100.0;;;7761;165;;;;;7760.0;0.0
3;69100;CHOCOLATE;7759;109;;;;;7761;109;;;;;7760.0;0.0
3;69200;CHOCOLATE;7760;41;7759.0;71.0;;;7761;112;;;;;7760.0;0.0
3;69300;CHOCOLATE;7761;49;7760.0;63.0;;;7762;49;7763.0;63.0;;;7761.5;0.0
3;69400;CHOCOLATE;7762;53;7761.0;61.0;;;7763;53;7764.0;61.0;;;7762.5;0.0
3;69500;CHOCOLATE;7763;55;7762.0;64.0;;;7764;119;;;;;7763.0;0.0
3;69600;CHOCOLATE;7761;133;;;;;7763;133;;;;;7762.0;0.0
3;69700;CHOCOLATE;7761;108;;;;;7763;108;;;;;7762.0;0.0
3;69800;CHOCOLATE;7759;124;;;;;7761;124;;;;;7760.0;0.0
3;69900;CHOCOLATE;7759;156;;;;;7761;156;;;;;7760.0;0.0
3;70000;CHOCOLATE;7759;125;;;;;7760;59;7761.0;66.0;;;7760.0;0.0
3;70100;CHOCOLATE;7759;59;7758.0;60.0;;;7760;119;;;;;7759.0;0.0
3;70200;CHOCOLATE;7760;40;7759.0;86.0;;;7761;126;;;;;7760.0;0.0
3;70300;CHOCOLATE;7760;129;;;;;7761;50;7762.0;79.0;;;7761.0;0.0
3;70400;CHOCOLATE;7760;60;7759.0;69.0;;;7761;129;;;;;7760.0;0.0
3;70500;CHOCOLATE;7760;149;;;;;7762;149;;;;;7761.0;0.0
3;70600;CHOCOLATE;7760;96;;;;;7761;37;7762.0;59.0;;;7761.0;0.0
3;70700;CHOCOLATE;7760;144;;;;;7762;144;;;;;7761.0;0.0
3;70800;CHOCOLATE;7760;154;;;;;7761;55;7762.0;99.0;;;7761.0;0.0
3;70900;CHOCOLATE;7761;57;7760.0;67.0;;;7762;57;7763.0;67.0;;;7761.5;0.0
3;71000;CHOCOLATE;7762;40;7761.0;85.0;;;7763;40;7764.0;85.0;;;7762.5;0.0
3;71100;CHOCOLATE;7761;112;;;;;7763;112;;;;;7762.0;0.0
3;71200;CHOCOLATE;7761;46;7760.0;83.0;;;7762;129;;;;;7761.0;0.0
3;71300;CHOCOLATE;7761;41;7760.0;67.0;;;7762;41;7763.0;67.0;;;7761.5;0.0
3;71400;CHOCOLATE;7762;57;7761.0;91.0;;;7763;148;;;;;7762.0;0.0
3;71500;CHOCOLATE;7761;58;7760.0;53.0;;;7762;111;;;;;7761.5;0.0
3;71600;CHOCOLATE;7761;126;;;;;7763;126;;;;;7762.0;0.0
3;71700;CHOCOLATE;7763;136;;;;;7764;44;7765.0;92.0;;;7764.0;0.0
3;71800;CHOCOLATE;7763;96;;;;;7765;96;;;;;7764.0;0.0
3;71900;CHOCOLATE;7764;60;7763.0;85.0;;;7765;60;7766.0;85.0;;;7764.5;0.0
3;72000;CHOCOLATE;7764;155;;;;;7766;155;;;;;7765.0;0.0
3;72100;CHOCOLATE;7767;125;;;;;7768;60;7769.0;65.0;;;7768.0;0.0
3;72200;CHOCOLATE;7767;120;;;;;7769;120;;;;;7768.0;0.0
3;72300;CHOCOLATE;7768;139;;;;;7770;139;;;;;7769.0;0.0
3;72400;CHOCOLATE;7768;139;;;;;7769;59;7770.0;80.0;;;7769.0;0.0
3;72500;CHOCOLATE;7768;148;;;;;7769;50;7770.0;98.0;;;7769.0;0.0
3;72600;CHOCOLATE;7767;131;;;;;7768;58;7769.0;73.0;;;7768.0;0.0
3;72700;CHOCOLATE;7766;113;;;;;7768;113;;;;;7767.0;0.0
3;72800;CHOCOLATE;7767;56;7766.0;95.0;;;7768;56;7769.0;95.0;;;7767.5;0.0
3;72900;CHOCOLATE;7768;122;;;;;7769;45;7770.0;77.0;;;7769.0;0.0
3;73000;CHOCOLATE;7769;40;7768.0;71.0;;;7770;40;7771.0;71.0;;;7769.5;0.0
3;73100;CHOCOLATE;7769;137;;;;;7770;44;7771.0;93.0;;;7770.0;0.0
3;73200;CHOCOLATE;7768;113;;;;;7770;113;;;;;7769.0;0.0
3;73300;CHOCOLATE;7769;142;;;;;7770;57;7771.0;85.0;;;7770.0;0.0
3;73400;CHOCOLATE;7768;104;;;;;7769;38;7770.0;66.0;;;7769.0;0.0
3;73500;CHOCOLATE;7768;50;7767.0;90.0;;;7769;140;;;;;7768.0;0.0
3;73600;CHOCOLATE;7768;50;7767.0;69.0;;;7769;50;7770.0;69.0;;;7768.5;0.0
3;73700;CHOCOLATE;7768;154;;;;;7769;63;7770.0;91.0;;;7769.0;0.0
3;73800;CHOCOLATE;7769;55;7768.0;61.0;;;7770;116;;;;;7769.0;0.0
3;73900;CHOCOLATE;7767;137;;;;;7769;137;;;;;7768.0;0.0
3;74000;CHOCOLATE;7768;123;;;;;7770;123;;;;;7769.0;0.0
3;74100;CHOCOLATE;7768;102;;;;;7769;39;7770.0;63.0;;;7769.0;0.0
3;74200;CHOCOLATE;7768;42;7767.0;70.0;;;7769;112;;;;;7768.0;0.0
3;74300;CHOCOLATE;7768;91;;;;;7770;91;;;;;7769.0;0.0
3;74400;CHOCOLATE;7768;144;;;;;7770;144;;;;;7769.0;0.0
3;74500;CHOCOLATE;7768;55;7767.0;85.0;;;7769;140;;;;;7768.0;0.0
3;74600;CHOCOLATE;7767;149;;;;;7769;149;;;;;7768.0;0.0
3;74700;CHOCOLATE;7769;136;;;;;7771;136;;;;;7770.0;0.0
3;74800;CHOCOLATE;7769;41;7768.0;78.0;;;7770;41;7771.0;78.0;;;7769.5;0.0
3;74900;CHOCOLATE;7768;137;;;;;7770;137;;;;;7769.0;0.0
3;75000;CHOCOLATE;7768;140;;;;;7770;140;;;;;7769.0;0.0
3;75100;CHOCOLATE;7768;48;7767.0;88.0;;;7769;136;;;;;7768.0;0.0
3;75200;CHOCOLATE;7768;48;7767.0;75.0;;;7769;116;;;;;7768.0;0.0
3;75300;CHOCOLATE;7768;143;;;;;7769;49;7770.0;94.0;;;7769.0;0.0
3;75400;CHOCOLATE;7768;38;7767.0;57.0;;;7769;95;;;;;7768.0;0.0
3;75500;CHOCOLATE;7769;146;;;;;7771;146;;;;;7770.0;0.0
3;75600;CHOCOLATE;7769;93;;;;;7771;93;;;;;7770.0;0.0
3;75700;CHOCOLATE;7770;142;;;;;7771;61;7772.0;81.0;;;7771.0;0.0
3;75800;CHOCOLATE;7770;35;7769.0;60.0;;;7771;95;;;;;7770.0;0.0
3;75900;CHOCOLATE;7770;124;;;;;7772;117;;;;;7771.0;0.0
3;76000;CHOCOLATE;7770;128;;;;;7771;60;7772.0;68.0;;;7771.0;0.0
3;76100;CHOCOLATE;7770;56;7769.0;82.0;;;7771;56;7772.0;82.0;;;7770.5;0.0
3;76200;CHOCOLATE;7770;117;;;;;7772;117;;;;;7771.0;0.0
3;76300;CHOCOLATE;7771;128;;;;;7773;128;;;;;7772.0;0.0
3;76400;CHOCOLATE;7772;131;;;;;7773;37;7774.0;94.0;;;7773.0;0.0
3;76500;CHOCOLATE;7772;100;;;;;7773;45;7774.0;55.0;;;7773.0;0.0
3;76600;CHOCOLATE;7773;130;;;;;7774;40;7775.0;90.0;;;7774.0;0.0
3;76700;CHOCOLATE;7773;37;7772.0;75.0;;;7774;37;7775.0;75.0;;;7773.5;0.0
3;76800;CHOCOLATE;7773;142;;;;;7775;142;;;;;7774.0;0.0
3;76900;CHOCOLATE;7772;128;;;;;7774;128;;;;;7773.0;0.0
3;77000;CHOCOLATE;7771;107;;;;;7773;107;;;;;7772.0;0.0
3;77100;CHOCOLATE;7771;63;7770.0;59.0;;;7772;122;;;;;7771.5;0.0
3;77200;CHOCOLATE;7770;154;;;;;7772;154;;;;;7771.0;0.0
3;77300;CHOCOLATE;7772;64;7771.0;71.0;;;7773;135;;;;;7772.0;0.0
3;77400;CHOCOLATE;7771;113;;;;;7773;113;;;;;7772.0;0.0
3;77500;CHOCOLATE;7771;60;7770.0;73.0;;;7772;60;7773.0;73.0;;;7771.5;0.0
3;77600;CHOCOLATE;7772;150;;;;;7774;150;;;;;7773.0;0.0
3;77700;CHOCOLATE;7775;112;;;;;7776;56;7777.0;56.0;;;7775.5;0.0
3;77800;CHOCOLATE;7775;91;;;;;7776;41;7777.0;50.0;;;7776.0;0.0
3;77900;CHOCOLATE;7774;92;;;;;7776;92;;;;;7775.0;0.0
3;78000;CHOCOLATE;7774;137;;;;;7775;49;7776.0;88.0;;;7775.0;0.0
3;78100;CHOCOLATE;7776;65;7775.0;59.0;;;7777;65;7778.0;59.0;;;7776.5;0.0
3;78200;CHOCOLATE;7776;101;;;;;7778;101;;;;;7777.0;0.0
3;78300;CHOCOLATE;7776;149;;;;;7778;149;;;;;7777.0;0.0
3;78400;CHOCOLATE;7776;136;;;;;7778;136;;;;;7777.0;0.0
3;78500;CHOCOLATE;7776;140;;;;;7778;140;;;;;7777.0;0.0
3;78600;CHOCOLATE;7776;109;;;;;7777;43;7778.0;66.0;;;7777.0;0.0
3;78700;CHOCOLATE;7776;58;7775.0;97.0;;;7777;155;;;;;7776.0;0.0
3;78800;CHOCOLATE;7776;62;7775.0;99.0;;;7777;62;7778.0;99.0;;;7776.5;0.0
3;78900;CHOCOLATE;7775;117;;;;;7777;117;;;;;7776.0;0.0
3;79000;CHOCOLATE;7775;52;7774.0;71.0;;;7776;52;7777.0;71.0;;;7775.5;0.0
3;79100;CHOCOLATE;7775;64;7774.0;62.0;;;7776;59;7777.0;62.0;;;7776.0;0.0
3;79200;CHOCOLATE;7776;124;;;;;7778;124;;;;;7777.0;0.0
3;79300;CHOCOLATE;7776;150;;;;;7777;58;7778.0;87.0;;;7777.0;0.0
3;79400;CHOCOLATE;7775;109;;;;;7776;47;7777.0;62.0;;;7776.0;0.0
3;79500;CHOCOLATE;7776;133;;;;;7778;133;;;;;7777.0;0.0
3;79600;CHOCOLATE;7777;132;;;;;7779;132;;;;;7778.0;0.0
3;79700;CHOCOLATE;7776;93;;;;;7778;93;;;;;7777.0;0.0
3;79800;CHOCOLATE;7775;137;;;;;7777;137;;;;;7776.0;0.0
3;79900;CHOCOLATE;7776;52;7775.0;87.0;;;7777;52;7778.0;87.0;;;7776.5;0.0
3;80000;CHOCOLATE;7776;48;7775.0;74.0;;;7777;42;7778.0;74.0;;;7776.5;0.0
3;80100;CHOCOLATE;7776;35;7775.0;84.0;;;7777;35;7778.0;84.0;;;7776.5;0.0
3;80200;CHOCOLATE;7775;115;;;;;7776;40;7777.0;75.0;;;7776.0;0.0
3;80300;CHOCOLATE;7775;37;7774.0;73.0;;;7776;110;;;;;7775.0;0.0
3;80400;CHOCOLATE;7772;55;7771.0;58.0;;;7773;113;;;;;7772.0;0.0
3;80500;CHOCOLATE;7771;112;;;;;7772;55;7773.0;57.0;;;7772.0;0.0
3;80600;CHOCOLATE;7769;144;;;;;7771;144;;;;;7770.0;0.0
3;80700;CHOCOLATE;7770;42;7769.0;68.0;;;7771;110;;;;;7770.0;0.0
3;80800;CHOCOLATE;7770;135;;;;;7771;58;7772.0;77.0;;;7771.0;0.0
3;80900;CHOCOLATE;7771;97;;;;;7773;97;;;;;7772.0;0.0
3;81000;CHOCOLATE;7773;130;;;;;7774;58;7775.0;72.0;;;7774.0;0.0
3;81100;CHOCOLATE;7773;124;;;;;7775;124;;;;;7774.0;0.0
3;81200;CHOCOLATE;7773;61;7772.0;97.0;;;7774;61;7775.0;97.0;;;7773.5;0.0
3;81300;CHOCOLATE;7773;60;7772.0;92.0;;;7774;60;7775.0;92.0;;;7773.5;0.0
3;81400;CHOCOLATE;7773;102;;;;;7774;38;7775.0;64.0;;;7774.0;0.0
3;81500;CHOCOLATE;7773;36;7772.0;100.0;;;7774;36;7775.0;100.0;;;7773.5;0.0
3;81600;CHOCOLATE;7773;37;7772.0;78.0;;;7774;37;7775.0;78.0;;;7773.5;0.0
3;81700;CHOCOLATE;7773;37;7772.0;74.0;;;7774;37;7775.0;74.0;;;7773.5;0.0
3;81800;CHOCOLATE;7773;61;7772.0;96.0;;;7774;61;7775.0;96.0;;;7773.5;0.0
3;81900;CHOCOLATE;7771;123;;;;;7772;46;7773.0;77.0;;;7772.0;0.0
3;82000;CHOCOLATE;7772;56;7771.0;98.0;;;7773;154;;;;;7772.0;0.0
3;82100;CHOCOLATE;7771;133;;;;;7773;133;;;;;7772.0;0.0
3;82200;CHOCOLATE;7772;45;7771.0;81.0;;;7773;126;;;;;7772.0;0.0
3;82300;CHOCOLATE;7771;101;;;;;7773;101;;;;;7772.0;0.0
3;82400;CHOCOLATE;7772;60;7771.0;61.0;;;7773;121;;;;;7772.0;0.0
3;82500;CHOCOLATE;7772;41;7771.0;81.0;;;7773;41;7774.0;81.0;;;7772.5;0.0
3;82600;CHOCOLATE;7772;144;;;;;7774;144;;;;;7773.0;0.0
3;82700;CHOCOLATE;7772;139;;;;;7773;50;7774.0;89.0;;;7773.0;0.0
3;82800;CHOCOLATE;7771;41;7770.0;72.0;;;7772;41;7773.0;72.0;;;7771.5;0.0
3;82900;CHOCOLATE;7769;126;;;;;7771;126;;;;;7770.0;0.0
3;83000;CHOCOLATE;7771;41;7770.0;53.0;;;7772;41;7773.0;53.0;;;7771.5;0.0
3;83100;CHOCOLATE;7771;91;;;;;7773;91;;;;;7772.0;0.0
3;83200;CHOCOLATE;7769;133;;;;;7771;133;;;;;7770.0;0.0
3;83300;CHOCOLATE;7770;120;;;;;7772;120;;;;;7771.0;0.0
3;83400;CHOCOLATE;7769;150;;;;;7770;60;7771.0;90.0;;;7770.0;0.0
3;83500;CHOCOLATE;7770;33;7769.0;88.0;;;7771;125;;;;;7770.0;0.0
3;83600;CHOCOLATE;7769;54;7768.0;91.0;;;7770;60;7771.0;91.0;;;7769.5;0.0
3;83700;CHOCOLATE;7769;53;7768.0;85.0;;;7770;53;7771.0;85.0;;;7769.5;0.0
3;83800;CHOCOLATE;7768;133;;;;;7769;59;7770.0;74.0;;;7769.0;0.0
3;83900;CHOCOLATE;7767;101;;;;;7769;101;;;;;7768.0;0.0
3;84000;CHOCOLATE;7768;36;7767.0;76.0;;;7769;112;;;;;7768.0;0.0
3;84100;CHOCOLATE;7768;121;;;;;7770;121;;;;;7769.0;0.0
3;84200;CHOCOLATE;7768;132;;;;;7769;39;7770.0;93.0;;;7769.0;0.0
3;84300;CHOCOLATE;7768;126;;;;;7770;126;;;;;7769.0;0.0
3;84400;CHOCOLATE;7767;149;;;;;7769;149;;;;;7768.0;0.0
3;84500;CHOCOLATE;7766;148;;;;;7767;58;7768.0;90.0;;;7767.0;0.0
3;84600;CHOCOLATE;7765;105;;;;;7767;105;;;;;7766.0;0.0
3;84700;CHOCOLATE;7765;117;;;;;7767;117;;;;;7766.0;0.0
3;84800;CHOCOLATE;7766;42;7765.0;66.0;;;7767;108;;;;;7766.0;0.0
3;84900;CHOCOLATE;7766;48;7765.0;64.0;;;7767;48;7768.0;64.0;;;7766.5;0.0
3;85000;CHOCOLATE;7766;154;;;;;7767;56;7768.0;90.0;;;7767.0;0.0
3;85100;CHOCOLATE;7766;65;7765.0;62.0;;;7767;65;7768.0;62.0;;;7766.5;0.0
3;85200;CHOCOLATE;7767;133;;;;;7769;133;;;;;7768.0;0.0
3;85300;CHOCOLATE;7766;97;;;;;7768;97;;;;;7767.0;0.0
3;85400;CHOCOLATE;7766;89;;;;;7768;89;;;;;7767.0;0.0
3;85500;CHOCOLATE;7766;112;;;;;7767;41;7768.0;71.0;;;7767.0;0.0
3;85600;CHOCOLATE;7766;151;;;;;7767;57;7768.0;94.0;;;7767.0;0.0
3;85700;CHOCOLATE;7765;119;;;;;7767;119;;;;;7766.0;0.0
3;85800;CHOCOLATE;7766;137;;;;;7767;53;7768.0;90.0;;;7767.0;0.0
3;85900;CHOCOLATE;7767;41;7766.0;85.0;;;7768;126;;;;;7767.0;0.0
3;86000;CHOCOLATE;7766;105;;;;;7767;43;7768.0;62.0;;;7767.0;0.0
3;86100;CHOCOLATE;7766;44;7765.0;92.0;;;7767;136;;;;;7766.0;0.0
3;86200;CHOCOLATE;7766;51;7765.0;53.0;;;7767;110;;;;;7766.0;0.0
3;86300;CHOCOLATE;7766;110;;;;;7767;43;7768.0;67.0;;;7767.0;0.0
3;86400;CHOCOLATE;7764;103;;;;;7766;103;;;;;7765.0;0.0
3;86500;CHOCOLATE;7765;90;;;;;7767;90;;;;;7766.0;0.0
3;86600;CHOCOLATE;7766;59;7765.0;51.0;;;7767;59;7768.0;51.0;;;7766.5;0.0
3;86700;CHOCOLATE;7766;105;;;;;7768;105;;;;;7767.0;0.0
3;86800;CHOCOLATE;7766;55;7765.0;50.0;;;7767;55;7768.0;50.0;;;7766.5;0.0
3;86900;CHOCOLATE;7768;113;;;;;7769;38;7770.0;75.0;;;7769.0;0.0
3;87000;CHOCOLATE;7768;120;;;;;7770;120;;;;;7769.0;0.0
3;87100;CHOCOLATE;7769;119;;;;;7771;119;;;;;7770.0;0.0
3;87200;CHOCOLATE;7770;40;7769.0;60.0;;;7771;40;7772.0;60.0;;;7770.5;0.0
3;87300;CHOCOLATE;7770;115;;;;;7771;59;7772.0;56.0;;;7770.5;0.0
3;87400;CHOCOLATE;7770;122;;;;;7772;122;;;;;7771.0;0.0
3;87500;CHOCOLATE;7769;36;7768.0;53.0;;;7770;89;;;;;7769.0;0.0
3;87600;CHOCOLATE;7769;116;;;;;7770;51;7771.0;65.0;;;7770.0;0.0
3;87700;CHOCOLATE;7768;130;;;;;7770;130;;;;;7769.0;0.0
3;87800;CHOCOLATE;7767;124;;;;;7769;124;;;;;7768.0;0.0
3;87900;CHOCOLATE;7768;38;7767.0;78.0;;;7769;116;;;;;7768.0;0.0
3;88000;CHOCOLATE;7768;61;7767.0;87.0;;;7769;61;7770.0;87.0;;;7768.5;0.0
3;88100;CHOCOLATE;7765;106;;;;;7766;6;7767.0;106.0;;;7766.0;0.0
3;88200;CHOCOLATE;7766;61;7765.0;52.0;;;7767;61;7768.0;52.0;;;7766.5;0.0
3;88300;CHOCOLATE;7766;50;7765.0;67.0;;;7767;117;;;;;7766.0;0.0
3;88400;CHOCOLATE;7765;40;7764.0;92.0;;;7766;132;;;;;7765.0;0.0
3;88500;CHOCOLATE;7764;112;;;;;7766;112;;;;;7765.0;0.0
3;88600;CHOCOLATE;7765;41;7764.0;100.0;;;7766;141;;;;;7765.0;0.0
3;88700;CHOCOLATE;7764;114;;;;;7766;120;;;;;7765.0;0.0
3;88800;CHOCOLATE;7765;57;7764.0;96.0;;;7766;153;;;;;7765.0;0.0
3;88900;CHOCOLATE;7764;44;7763.0;64.0;;;7765;51;7766.0;64.0;;;7764.5;0.0
3;89000;CHOCOLATE;7763;107;;;;;7765;107;;;;;7764.0;0.0
3;89100;CHOCOLATE;7762;156;;;;;7764;156;;;;;7763.0;0.0
3;89200;CHOCOLATE;7764;102;;;;;7766;102;;;;;7765.0;0.0
3;89300;CHOCOLATE;7762;115;;;;;7764;115;;;;;7763.0;0.0
3;89400;CHOCOLATE;7760;64;7759.0;62.0;;;7761;126;;;;;7760.5;0.0
3;89500;CHOCOLATE;7759;143;;;;;7761;143;;;;;7760.0;0.0
3;89600;CHOCOLATE;7759;141;;;;;7760;59;7761.0;82.0;;;7760.0;0.0
3;89700;CHOCOLATE;7758;139;;;;;7760;139;;;;;7759.0;0.0
3;89800;CHOCOLATE;7759;55;7758.0;73.0;;;7760;128;;;;;7759.0;0.0
3;89900;CHOCOLATE;7759;112;;;;;7761;112;;;;;7760.0;0.0
3;90000;CHOCOLATE;7759;159;;;;;7761;159;;;;;7760.0;0.0
3;90100;CHOCOLATE;7760;41;7759.0;96.0;;;7761;41;7762.0;96.0;;;7760.5;0.0
3;90200;CHOCOLATE;7760;45;7759.0;85.0;;;7761;130;;;;;7760.0;0.0
3;90300;CHOCOLATE;7759;97;;;;;7760;39;7761.0;58.0;;;7760.0;0.0
3;90400;CHOCOLATE;7760;118;;;;;7762;118;;;;;7761.0;0.0
3;90500;CHOCOLATE;7760;129;;;;;7761;42;7762.0;87.0;;;7761.0;0.0
3;90600;CHOCOLATE;7761;140;;;;;7763;140;;;;;7762.0;0.0
3;90700;CHOCOLATE;7761;145;;;;;7763;145;;;;;7762.0;0.0
3;90800;CHOCOLATE;7761;53;7760.0;65.0;;;7762;118;;;;;7761.0;0.0
3;90900;CHOCOLATE;7761;50;7760.0;93.0;;;7762;143;;;;;7761.0;0.0
3;91000;CHOCOLATE;7761;59;7760.0;77.0;;;7762;136;;;;;7761.0;0.0
3;91100;CHOCOLATE;7763;124;;;;;7765;124;;;;;7764.0;0.0
3;91200;CHOCOLATE;7764;139;;;;;7766;139;;;;;7765.0;0.0
3;91300;CHOCOLATE;7764;138;;;;;7766;138;;;;;7765.0;0.0
3;91400;CHOCOLATE;7764;115;;;;;7766;115;;;;;7765.0;0.0
3;91500;CHOCOLATE;7765;141;;;;;7766;42;7767.0;99.0;;;7766.0;0.0
3;91600;CHOCOLATE;7765;146;;;;;7766;51;7767.0;95.0;;;7766.0;0.0
3;91700;CHOCOLATE;7765;63;7764.0;90.0;;;7766;63;7767.0;90.0;;;7765.5;0.0
3;91800;CHOCOLATE;7765;52;7764.0;66.0;;;7766;46;7767.0;66.0;;;7765.5;0.0
3;91900;CHOCOLATE;7765;117;;;;;7767;117;;;;;7766.0;0.0
3;92000;CHOCOLATE;7765;144;;;;;7766;61;7767.0;83.0;;;7766.0;0.0
3;92100;CHOCOLATE;7766;136;;;;;7768;136;;;;;7767.0;0.0
3;92200;CHOCOLATE;7765;102;;;;;7767;102;;;;;7766.0;0.0
3;92300;CHOCOLATE;7765;63;7764.0;74.0;;;7766;63;7767.0;74.0;;;7765.5;0.0
3;92400;CHOCOLATE;7765;152;;;;;7767;152;;;;;7766.0;0.0
3;92500;CHOCOLATE;7764;49;7763.0;69.0;;;7765;49;7766.0;69.0;;;7764.5;0.0
3;92600;CHOCOLATE;7764;48;7763.0;88.0;;;7765;48;7766.0;88.0;;;7764.5;0.0
3;92700;CHOCOLATE;7765;122;;;;;7766;36;7767.0;86.0;;;7766.0;0.0
3;92800;CHOCOLATE;7764;119;;;;;7766;119;;;;;7765.0;0.0
3;92900;CHOCOLATE;7763;110;;;;;7765;110;;;;;7764.0;0.0
3;93000;CHOCOLATE;7766;54;7765.0;82.0;;;7767;54;7768.0;82.0;;;7766.5;0.0
3;93100;CHOCOLATE;7765;138;;;;;7767;138;;;;;7766.0;0.0
3;93200;CHOCOLATE;7766;41;7765.0;60.0;;;7767;101;;;;;7766.0;0.0
3;93300;CHOCOLATE;7766;60;7765.0;66.0;;;7767;126;;;;;7766.0;0.0
3;93400;CHOCOLATE;7766;118;;;;;7767;4;7768.0;118.0;;;7767.0;0.0
3;93500;CHOCOLATE;7766;136;;;;;7767;39;7768.0;97.0;;;7767.0;0.0
3;93600;CHOCOLATE;7766;127;;;;;7768;127;;;;;7767.0;0.0
3;93700;CHOCOLATE;7768;119;;;;;7770;119;;;;;7769.0;0.0
3;93800;CHOCOLATE;7771;49;7770.0;50.0;;;7772;49;7773.0;50.0;;;7771.5;0.0
3;93900;CHOCOLATE;7768;111;;;;;7770;111;;;;;7769.0;0.0
3;94000;CHOCOLATE;7768;39;7767.0;51.0;;;7769;39;7770.0;51.0;;;7768.5;0.0
3;94100;CHOCOLATE;7769;126;;;;;7770;57;7771.0;69.0;;;7770.0;0.0
3;94200;CHOCOLATE;7770;105;;;;;7771;52;7772.0;53.0;;;7771.0;0.0
3;94300;CHOCOLATE;7768;124;;;;;7769;55;7770.0;75.0;;;7769.0;0.0
3;94400;CHOCOLATE;7768;36;7767.0;87.0;;;7769;36;7770.0;87.0;;;7768.5;0.0
3;94500;CHOCOLATE;7769;41;7768.0;100.0;;;7770;141;;;;;7769.0;0.0
3;94600;CHOCOLATE;7766;129;;;;;7768;129;;;;;7767.0;0.0
3;94700;CHOCOLATE;7768;137;;;;;7770;137;;;;;7769.0;0.0
3;94800;CHOCOLATE;7767;137;;;;;7768;44;7769.0;93.0;;;7768.0;0.0
3;94900;CHOCOLATE;7766;123;;;;;7768;123;;;;;7767.0;0.0
3;95000;CHOCOLATE;7766;121;;;;;7767;63;7768.0;58.0;;;7766.5;0.0
3;95100;CHOCOLATE;7766;150;;;;;7768;150;;;;;7767.0;0.0
3;95200;CHOCOLATE;7765;47;7764.0;58.0;;;7766;110;;;;;7765.0;0.0
3;95300;CHOCOLATE;7765;46;7764.0;89.0;;;7766;46;7767.0;89.0;;;7765.5;0.0
3;95400;CHOCOLATE;7766;139;;;;;7768;139;;;;;7767.0;0.0
3;95500;CHOCOLATE;7767;42;7766.0;65.0;;;7768;107;;;;;7767.0;0.0
3;95600;CHOCOLATE;7767;145;;;;;7769;145;;;;;7768.0;0.0
3;95700;CHOCOLATE;7767;41;7766.0;59.0;;;7768;100;;;;;7767.0;0.0
3;95800;CHOCOLATE;7767;150;;;;;7768;51;7769.0;99.0;;;7768.0;0.0
3;95900;CHOCOLATE;7767;154;;;;;7769;154;;;;;7768.0;0.0
3;96000;CHOCOLATE;7765;125;;;;;7766;46;7767.0;79.0;;;7766.0;0.0
3;96100;CHOCOLATE;7765;40;7764.0;72.0;;;7766;112;;;;;7765.0;0.0
3;96200;CHOCOLATE;7766;35;7765.0;64.0;;;7767;35;7768.0;64.0;;;7766.5;0.0
3;96300;CHOCOLATE;7765;66;7764.0;90.0;;;7766;148;;;;;7765.0;0.0
3;96400;CHOCOLATE;7765;115;;;;;7767;115;;;;;7766.0;0.0
3;96500;CHOCOLATE;7764;123;;;;;7765;62;7766.0;61.0;;;7764.5;0.0
3;96600;CHOCOLATE;7763;129;;;;;7764;44;7765.0;85.0;;;7764.0;0.0
3;96700;CHOCOLATE;7764;58;7763.0;55.0;;;7765;58;7766.0;55.0;;;7764.5;0.0
3;96800;CHOCOLATE;7764;51;7763.0;73.0;;;7765;124;;;;;7764.0;0.0
3;96900;CHOCOLATE;7764;60;7763.0;69.0;;;7765;129;;;;;7764.0;0.0
3;97000;CHOCOLATE;7764;52;7763.0;77.0;;;7765;52;7766.0;77.0;;;7764.5;0.0
3;97100;CHOCOLATE;7763;58;7762.0;82.0;;;7764;58;7765.0;82.0;;;7763.5;0.0
3;97200;CHOCOLATE;7762;110;;;;;7764;110;;;;;7763.0;0.0
3;97300;CHOCOLATE;7761;129;;;;;7763;129;;;;;7762.0;0.0
3;97400;CHOCOLATE;7762;38;7761.0;92.0;;;7763;130;;;;;7762.0;0.0
3;97500;CHOCOLATE;7763;103;;;;;7765;103;;;;;7764.0;0.0
3;97600;CHOCOLATE;7765;61;7764.0;90.0;;;7766;151;;;;;7765.0;0.0
3;97700;CHOCOLATE;7765;132;;;;;7767;132;;;;;7766.0;0.0
3;97800;CHOCOLATE;7766;128;;;;;7767;63;7768.0;65.0;;;7767.0;0.0
3;97900;CHOCOLATE;7764;115;;;;;7766;115;;;;;7765.0;0.0
3;98000;CHOCOLATE;7763;132;;;;;7764;45;7765.0;87.0;;;7764.0;0.0
3;98100;CHOCOLATE;7762;99;;;;;7763;46;7764.0;53.0;;;7763.0;0.0
3;98200;CHOCOLATE;7764;43;7763.0;50.0;;;7765;93;;;;;7764.0;0.0
3;98300;CHOCOLATE;7764;102;;;;;7765;45;7766.0;57.0;;;7765.0;0.0
3;98400;CHOCOLATE;7765;142;;;;;7767;142;;;;;7766.0;0.0
3;98500;CHOCOLATE;7764;162;;;;;7765;65;7766.0;97.0;;;7765.0;0.0
3;98600;CHOCOLATE;7766;53;7765.0;100.0;;;7767;53;7768.0;100.0;;;7766.5;0.0
3;98700;CHOCOLATE;7766;108;;;;;7768;108;;;;;7767.0;0.0
3;98800;CHOCOLATE;7765;56;7764.0;87.0;;;7766;56;7767.0;87.0;;;7765.5;0.0
3;98900;CHOCOLATE;7766;52;7765.0;65.0;;;7767;117;;;;;7766.0;0.0
3;99000;CHOCOLATE;7764;90;;;;;7766;90;;;;;7765.0;0.0
3;99100;CHOCOLATE;7764;155;;;;;7766;155;;;;;7765.0;0.0
3;99200;CHOCOLATE;7765;120;;;;;7767;120;;;;;7766.0;0.0
3;99300;CHOCOLATE;7764;135;;;;;7766;135;;;;;7765.0;0.0
3;99400;CHOCOLATE;7764;39;7763.0;73.0;;;7765;112;;;;;7764.0;0.0
3;99500;CHOCOLATE;7765;59;7764.0;54.0;;;7766;113;;;;;7765.5;0.0
3;99600;CHOCOLATE;7766;39;7765.0;79.0;;;7767;39;7768.0;79.0;;;7766.5;0.0
3;99700;CHOCOLATE;7765;51;7764.0;58.0;;;7766;109;;;;;7765.0;0.0
3;99800;CHOCOLATE;7765;49;7764.0;91.0;;;7766;49;7767.0;91.0;;;7765.5;0.0
3;99900;CHOCOLATE;7766;135;;;;;7768;135;;;;;7767.0;0.0
3;100000;CHOCOLATE;7766;135;;;;;7768;135;;;;;7767.0;0.0
3;100100;CHOCOLATE;7766;54;7765.0;93.0;;;7767;54;7768.0;93.0;;;7766.5;0.0
3;100200;CHOCOLATE;7765;137;;;;;7766;42;7767.0;95.0;;;7766.0;0.0
3;100300;CHOCOLATE;7764;111;;;;;7766;111;;;;;7765.0;0.0
3;100400;CHOCOLATE;7765;51;7764.0;98.0;;;7766;149;;;;;7765.0;0.0
3;100500;CHOCOLATE;7764;57;7763.0;62.0;;;7765;119;;;;;7764.0;0.0
3;100600;CHOCOLATE;7764;130;;;;;7765;52;7766.0;78.0;;;7765.0;0.0
3;100700;CHOCOLATE;7764;43;7763.0;61.0;;;7765;43;7766.0;61.0;;;7764.5;0.0
3;100800;CHOCOLATE;7764;120;;;;;7765;48;7766.0;72.0;;;7765.0;0.0
3;100900;CHOCOLATE;7763;140;;;;;7765;140;;;;;7764.0;0.0
3;101000;CHOCOLATE;7763;135;;;;;7764;41;7765.0;94.0;;;7764.0;0.0
3;101100;CHOCOLATE;7763;52;7762.0;86.0;;;7764;52;7765.0;86.0;;;7763.5;0.0
3;101200;CHOCOLATE;7764;36;7763.0;66.0;;;7765;36;7766.0;66.0;;;7764.5;0.0
3;101300;CHOCOLATE;7763;35;7762.0;88.0;;;7764;123;;;;;7763.0;0.0
3;101400;CHOCOLATE;7762;129;;;;;7763;40;7764.0;89.0;;;7763.0;0.0
3;101500;CHOCOLATE;7762;117;;;;;7763;43;7764.0;74.0;;;7763.0;0.0
3;101600;CHOCOLATE;7761;41;7760.0;55.0;;;7762;41;7763.0;55.0;;;7761.5;0.0
3;101700;CHOCOLATE;7762;102;;;;;7764;102;;;;;7763.0;0.0
3;101800;CHOCOLATE;7762;38;7761.0;50.0;;;7763;38;7764.0;50.0;;;7762.5;0.0
3;101900;CHOCOLATE;7762;43;7761.0;79.0;;;7763;130;;;;;7762.0;0.0
3;102000;CHOCOLATE;7762;140;;;;;7764;140;;;;;7763.0;0.0
3;102100;CHOCOLATE;7763;116;;;;;7765;116;;;;;7764.0;0.0
3;102200;CHOCOLATE;7763;124;;;;;7765;124;;;;;7764.0;0.0
3;102300;CHOCOLATE;7762;133;;;;;7763;43;7764.0;90.0;;;7763.0;0.0
3;102400;CHOCOLATE;7763;141;;;;;7764;43;7765.0;98.0;;;7764.0;0.0
3;102500;CHOCOLATE;7764;153;;;;;7766;153;;;;;7765.0;0.0
3;102600;CHOCOLATE;7766;96;;;;;7767;41;7768.0;55.0;;;7767.0;0.0
3;102700;CHOCOLATE;7766;121;;;;;7768;121;;;;;7767.0;0.0
3;102800;CHOCOLATE;7768;59;7767.0;66.0;;;7769;125;;;;;7768.0;0.0
3;102900;CHOCOLATE;7767;113;;;;;7769;113;;;;;7768.0;0.0
3;103000;CHOCOLATE;7766;45;7765.0;67.0;;;7767;112;;;;;7766.0;0.0
3;103100;CHOCOLATE;7766;137;;;;;7767;9;7768.0;137.0;;;7767.0;0.0
3;103200;CHOCOLATE;7764;128;;;;;7765;39;7766.0;89.0;;;7765.0;0.0
3;103300;CHOCOLATE;7765;61;7764.0;96.0;;;7766;61;7767.0;96.0;;;7765.5;0.0
3;103400;CHOCOLATE;7766;118;;;;;7768;118;;;;;7767.0;0.0
3;103500;CHOCOLATE;7765;157;;;;;7767;157;;;;;7766.0;0.0
3;103600;CHOCOLATE;7765;159;;;;;7767;159;;;;;7766.0;0.0
3;103700;CHOCOLATE;7766;43;7765.0;76.0;;;7767;43;7768.0;76.0;;;7766.5;0.0
3;103800;CHOCOLATE;7765;119;;;;;7767;119;;;;;7766.0;0.0
3;103900;CHOCOLATE;7767;37;7766.0;70.0;;;7768;107;;;;;7767.0;0.0
3;104000;CHOCOLATE;7767;125;;;;;7769;125;;;;;7768.0;0.0
3;104100;CHOCOLATE;7766;126;;;;;7768;126;;;;;7767.0;0.0
3;104200;CHOCOLATE;7767;50;7766.0;52.0;;;7768;102;;;;;7767.0;0.0
3;104300;CHOCOLATE;7766;64;7765.0;72.0;;;7767;64;7768.0;72.0;;;7766.5;0.0
3;104400;CHOCOLATE;7766;134;;;;;7767;60;7768.0;69.0;;;7767.0;0.0
3;104500;CHOCOLATE;7766;57;7765.0;81.0;;;7767;57;7768.0;81.0;;;7766.5;0.0
3;104600;CHOCOLATE;7764;53;7763.0;58.0;;;7765;53;7766.0;58.0;;;7764.5;0.0
3;104700;CHOCOLATE;7764;128;;;;;7766;128;;;;;7765.0;0.0
3;104800;CHOCOLATE;7764;56;7763.0;76.0;;;7765;56;7766.0;76.0;;;7764.5;0.0
3;104900;CHOCOLATE;7765;126;;;;;7766;39;7767.0;87.0;;;7766.0;0.0
3;105000;CHOCOLATE;7764;42;7763.0;55.0;;;7765;97;;;;;7764.0;0.0
3;105100;CHOCOLATE;7764;153;;;;;7765;64;7766.0;89.0;;;7765.0;0.0
3;105200;CHOCOLATE;7765;51;7764.0;83.0;;;7766;51;7767.0;83.0;;;7765.5;0.0
3;105300;CHOCOLATE;7766;42;7765.0;56.0;;;7767;98;;;;;7766.0;0.0
3;105400;CHOCOLATE;7764;138;;;;;7766;138;;;;;7765.0;0.0
3;105500;CHOCOLATE;7764;43;7763.0;67.0;;;7765;110;;;;;7764.0;0.0
3;105600;CHOCOLATE;7765;114;;;;;7766;42;7767.0;72.0;;;7766.0;0.0
3;105700;CHOCOLATE;7765;145;;;;;7767;145;;;;;7766.0;0.0
3;105800;CHOCOLATE;7764;121;;;;;7766;121;;;;;7765.0;0.0
3;105900;CHOCOLATE;7764;60;7763.0;81.0;;;7765;60;7766.0;81.0;;;7764.5;0.0
3;106000;CHOCOLATE;7763;136;;;;;7765;136;;;;;7764.0;0.0
3;106100;CHOCOLATE;7763;56;7762.0;88.0;;;7764;56;7765.0;88.0;;;7763.5;0.0
3;106200;CHOCOLATE;7763;133;;;;;7765;133;;;;;7764.0;0.0
3;106300;CHOCOLATE;7763;151;;;;;7764;64;7765.0;87.0;;;7764.0;0.0
3;106400;CHOCOLATE;7763;132;;;;;7764;53;7765.0;79.0;;;7764.0;0.0
3;106500;CHOCOLATE;7763;98;;;;;7765;98;;;;;7764.0;0.0
3;106600;CHOCOLATE;7766;41;7765.0;91.0;;;7767;132;;;;;7766.0;0.0
3;106700;CHOCOLATE;7766;44;7765.0;59.0;;;7767;103;;;;;7766.0;0.0
3;106800;CHOCOLATE;7765;48;7764.0;78.0;;;7766;126;;;;;7765.0;0.0
3;106900;CHOCOLATE;7765;45;7764.0;57.0;;;7766;45;7767.0;57.0;;;7765.5;0.0
3;107000;CHOCOLATE;7764;61;7763.0;95.0;;;7765;156;;;;;7764.0;0.0
3;107100;CHOCOLATE;7763;120;;;;;7765;120;;;;;7764.0;0.0
3;107200;CHOCOLATE;7763;45;7762.0;76.0;;;7764;121;;;;;7763.0;0.0
3;107300;CHOCOLATE;7761;158;;;;;7762;64;7763.0;94.0;;;7762.0;0.0
3;107400;CHOCOLATE;7760;118;;;;;7762;118;;;;;7761.0;0.0
3;107500;CHOCOLATE;7760;139;;;;;7762;139;;;;;7761.0;0.0
3;107600;CHOCOLATE;7758;94;;;;;7760;94;;;;;7759.0;0.0
3;107700;CHOCOLATE;7758;111;;;;;7759;57;7760.0;54.0;;;7758.5;0.0
3;107800;CHOCOLATE;7758;132;;;;;7759;48;7760.0;84.0;;;7759.0;0.0
3;107900;CHOCOLATE;7759;115;;;;;7761;115;;;;;7760.0;0.0
3;108000;CHOCOLATE;7760;127;;;;;7762;127;;;;;7761.0;0.0
3;108100;CHOCOLATE;7760;49;7759.0;82.0;;;7761;49;7762.0;82.0;;;7760.5;0.0
3;108200;CHOCOLATE;7759;140;;;;;7761;140;;;;;7760.0;0.0
3;108300;CHOCOLATE;7760;106;;;;;7761;50;7762.0;56.0;;;7761.0;0.0
3;108400;CHOCOLATE;7760;120;;;;;7762;120;;;;;7761.0;0.0
3;108500;CHOCOLATE;7761;37;7760.0;85.0;;;7762;37;7763.0;85.0;;;7761.5;0.0
3;108600;CHOCOLATE;7760;128;;;;;7761;49;7762.0;79.0;;;7761.0;0.0
3;108700;CHOCOLATE;7761;50;7760.0;84.0;;;7762;134;;;;;7761.0;0.0
3;108800;CHOCOLATE;7761;63;7760.0;68.0;;;7762;63;7763.0;68.0;;;7761.5;0.0
3;108900;CHOCOLATE;7762;123;;;;;7763;45;7764.0;78.0;;;7763.0;0.0
3;109000;CHOCOLATE;7762;44;7761.0;92.0;;;7763;44;7764.0;92.0;;;7762.5;0.0
3;109100;CHOCOLATE;7762;99;;;;;7763;39;7764.0;60.0;;;7763.0;0.0
3;109200;CHOCOLATE;7762;48;7761.0;87.0;;;7763;135;;;;;7762.0;0.0
3;109300;CHOCOLATE;7761;136;;;;;7762;48;7763.0;88.0;;;7762.0;0.0
3;109400;CHOCOLATE;7762;131;;;;;7764;135;;;;;7763.0;0.0
3;109500;CHOCOLATE;7763;37;7762.0;66.0;;;7764;103;;;;;7763.0;0.0
3;109600;CHOCOLATE;7762;58;7761.0;55.0;;;7763;113;;;;;7762.5;0.0
3;109700;CHOCOLATE;7761;124;;;;;7763;124;;;;;7762.0;0.0
3;109800;CHOCOLATE;7761;41;7760.0;68.0;;;7762;109;;;;;7761.0;0.0
3;109900;CHOCOLATE;7763;49;7762.0;67.0;;;7764;106;;;;;7763.0;0.0
3;110000;CHOCOLATE;7764;57;7763.0;58.0;;;7765;115;;;;;7764.0;0.0
3;110100;CHOCOLATE;7764;131;;;;;7765;36;7766.0;95.0;;;7765.0;0.0
3;110200;CHOCOLATE;7764;120;;;;;7765;57;7766.0;63.0;;;7765.0;0.0
3;110300;CHOCOLATE;7765;59;7764.0;92.0;;;7766;151;;;;;7765.0;0.0
3;110400;CHOCOLATE;7766;63;7765.0;89.0;;;7767;152;;;;;7766.0;0.0
3;110500;CHOCOLATE;7766;125;;;;;7768;125;;;;;7767.0;0.0
3;110600;CHOCOLATE;7767;87;;;;;7768;36;7769.0;51.0;;;7768.0;0.0
3;110700;CHOCOLATE;7765;110;;;;;7767;110;;;;;7766.0;0.0
3;110800;CHOCOLATE;7764;130;;;;;7766;130;;;;;7765.0;0.0
3;110900;CHOCOLATE;7764;54;7763.0;76.0;;;7765;54;7766.0;76.0;;;7764.5;0.0
3;111000;CHOCOLATE;7763;57;7762.0;70.0;;;7764;57;7765.0;70.0;;;7763.5;0.0
3;111100;CHOCOLATE;7762;39;7761.0;95.0;;;7763;134;;;;;7762.0;0.0
3;111200;CHOCOLATE;7763;47;7762.0;92.0;;;7764;47;7765.0;92.0;;;7763.5;0.0
3;111300;CHOCOLATE;7763;142;;;;;7764;56;7765.0;86.0;;;7764.0;0.0
3;111400;CHOCOLATE;7763;58;7762.0;64.0;;;7764;122;;;;;7763.0;0.0
3;111500;CHOCOLATE;7762;125;;;;;7764;125;;;;;7763.0;0.0
3;111600;CHOCOLATE;7761;128;;;;;7762;42;7763.0;86.0;;;7762.0;0.0
3;111700;CHOCOLATE;7762;38;7761.0;76.0;;;7763;114;;;;;7762.0;0.0
3;111800;CHOCOLATE;7761;150;;;;;7763;150;;;;;7762.0;0.0
3;111900;CHOCOLATE;7761;127;;;;;7763;127;;;;;7762.0;0.0
3;112000;CHOCOLATE;7762;45;7761.0;59.0;;;7763;45;7764.0;59.0;;;7762.5;0.0
3;112100;CHOCOLATE;7761;114;;;;;7763;114;;;;;7762.0;0.0
3;112200;CHOCOLATE;7762;135;;;;;7763;37;7764.0;98.0;;;7763.0;0.0
3;112300;CHOCOLATE;7763;138;;;;;7765;138;;;;;7764.0;0.0
3;112400;CHOCOLATE;7765;100;;;;;7766;45;7767.0;55.0;;;7766.0;0.0
3;112500;CHOCOLATE;7765;127;;;;;7767;127;;;;;7766.0;0.0
3;112600;CHOCOLATE;7765;104;;;;;7767;104;;;;;7766.0;0.0
3;112700;CHOCOLATE;7764;88;;;;;7765;44;7766.0;50.0;;;7765.0;0.0
3;112800;CHOCOLATE;7763;114;;;;;7765;114;;;;;7764.0;0.0
3;112900;CHOCOLATE;7765;36;7764.0;82.0;;;7766;36;7767.0;82.0;;;7765.5;0.0
3;113000;CHOCOLATE;7765;121;;;;;7766;49;7767.0;72.0;;;7766.0;0.0
3;113100;CHOCOLATE;7765;145;;;;;7766;53;7767.0;92.0;;;7766.0;0.0
3;113200;CHOCOLATE;7765;110;;;;;7767;110;;;;;7766.0;0.0
3;113300;CHOCOLATE;7765;45;7764.0;78.0;;;7766;123;;;;;7765.0;0.0
3;113400;CHOCOLATE;7766;93;;;;;7767;38;7768.0;55.0;;;7767.0;0.0
3;113500;CHOCOLATE;7767;145;;;;;7769;145;;;;;7768.0;0.0
3;113600;CHOCOLATE;7768;100;;;;;7770;100;;;;;7769.0;0.0
3;113700;CHOCOLATE;7769;60;7768.0;66.0;;;7770;60;7771.0;66.0;;;7769.5;0.0
3;113800;CHOCOLATE;7767;99;;;;;7769;99;;;;;7768.0;0.0
3;113900;CHOCOLATE;7769;37;7768.0;55.0;;;7770;37;7771.0;55.0;;;7769.5;0.0
3;114000;CHOCOLATE;7767;41;7766.0;62.0;;;7768;41;7769.0;62.0;;;7767.5;0.0
3;114100;CHOCOLATE;7767;63;7766.0;57.0;;;7768;63;7769.0;57.0;;;7767.5;0.0
3;114200;CHOCOLATE;7767;122;;;;;7768;44;7769.0;78.0;;;7768.0;0.0
3;114300;CHOCOLATE;7768;65;7767.0;52.0;;;7769;65;7770.0;52.0;;;7768.5;0.0
3;114400;CHOCOLATE;7767;121;;;;;7768;38;7769.0;83.0;;;7768.0;0.0
3;114500;CHOCOLATE;7767;146;;;;;7769;146;;;;;7768.0;0.0
3;114600;CHOCOLATE;7767;95;;;;;7769;95;;;;;7768.0;0.0
3;114700;CHOCOLATE;7767;115;;;;;7769;115;;;;;7768.0;0.0
3;114800;CHOCOLATE;7767;137;;;;;7769;137;;;;;7768.0;0.0
3;114900;CHOCOLATE;7765;110;;;;;7767;110;;;;;7766.0;0.0
3;115000;CHOCOLATE;7765;102;;;;;7767;102;;;;;7766.0;0.0
3;115100;CHOCOLATE;7766;110;;;;;7768;110;;;;;7767.0;0.0
3;115200;CHOCOLATE;7765;41;7764.0;86.0;;;7766;127;;;;;7765.0;0.0
3;115300;CHOCOLATE;7765;115;;;;;7767;115;;;;;7766.0;0.0
3;115400;CHOCOLATE;7766;126;;;;;7768;126;;;;;7767.0;0.0
3;115500;CHOCOLATE;7767;89;;;;;7769;89;;;;;7768.0;0.0
3;115600;CHOCOLATE;7767;41;7766.0;98.0;;;7768;139;;;;;7767.0;0.0
3;115700;CHOCOLATE;7768;103;;;;;7770;103;;;;;7769.0;0.0
3;115800;CHOCOLATE;7767;119;;;;;7769;119;;;;;7768.0;0.0
3;115900;CHOCOLATE;7768;151;;;;;7769;55;7770.0;96.0;;;7769.0;0.0
3;116000;CHOCOLATE;7767;122;;;;;7769;122;;;;;7768.0;0.0
3;116100;CHOCOLATE;7767;144;;;;;7769;144;;;;;7768.0;0.0
3;116200;CHOCOLATE;7765;115;;;;;7767;115;;;;;7766.0;0.0
3;116300;CHOCOLATE;7765;102;;;;;7767;102;;;;;7766.0;0.0
3;116400;CHOCOLATE;7765;121;;;;;7767;121;;;;;7766.0;0.0
3;116500;CHOCOLATE;7763;163;;;;;7765;153;;;;;7764.0;0.0
3;116600;CHOCOLATE;7765;43;7764.0;50.0;;;7766;43;7767.0;50.0;;;7765.5;0.0
3;116700;CHOCOLATE;7766;132;;;;;7768;132;;;;;7767.0;0.0
3;116800;CHOCOLATE;7768;48;7767.0;80.0;;;7769;128;;;;;7768.0;0.0
3;116900;CHOCOLATE;7768;108;;;;;7770;108;;;;;7769.0;0.0
3;117000;CHOCOLATE;7768;134;;;;;7770;134;;;;;7769.0;0.0
3;117100;CHOCOLATE;7769;119;;;;;7770;60;7771.0;59.0;;;7769.5;0.0
3;117200;CHOCOLATE;7769;146;;;;;7771;146;;;;;7770.0;0.0
3;117300;CHOCOLATE;7769;109;;;;;7771;109;;;;;7770.0;0.0
3;117400;CHOCOLATE;7769;94;;;;;7771;94;;;;;7770.0;0.0
3;117500;CHOCOLATE;7770;44;7769.0;80.0;;;7771;124;;;;;7770.0;0.0
3;117600;CHOCOLATE;7771;112;;;;;7773;112;;;;;7772.0;0.0
3;117700;CHOCOLATE;7770;36;7769.0;52.0;;;7771;88;;;;;7770.0;0.0
3;117800;CHOCOLATE;7769;113;;;;;7771;113;;;;;7770.0;0.0
3;117900;CHOCOLATE;7768;137;;;;;7770;137;;;;;7769.0;0.0
3;118000;CHOCOLATE;7768;128;;;;;7769;42;7770.0;86.0;;;7769.0;0.0
3;118100;CHOCOLATE;7767;40;7766.0;59.0;;;7768;40;7769.0;59.0;;;7767.5;0.0
3;118200;CHOCOLATE;7767;35;7766.0;61.0;;;7768;35;7769.0;61.0;;;7767.5;0.0
3;118300;CHOCOLATE;7766;105;;;;;7767;49;7768.0;56.0;;;7767.0;0.0
3;118400;CHOCOLATE;7767;48;7766.0;95.0;;;7768;48;7769.0;95.0;;;7767.5;0.0
3;118500;CHOCOLATE;7767;108;;;;;7769;108;;;;;7768.0;0.0
3;118600;CHOCOLATE;7767;150;;;;;7769;150;;;;;7768.0;0.0
3;118700;CHOCOLATE;7767;55;7766.0;89.0;;;7768;55;7769.0;89.0;;;7767.5;0.0
3;118800;CHOCOLATE;7766;102;;;;;7768;102;;;;;7767.0;0.0
3;118900;CHOCOLATE;7766;150;;;;;7767;54;7768.0;96.0;;;7767.0;0.0
3;119000;CHOCOLATE;7764;108;;;;;7765;58;7766.0;50.0;;;7764.5;0.0
3;119100;CHOCOLATE;7764;58;7763.0;64.0;;;7765;58;7766.0;64.0;;;7764.5;0.0
3;119200;CHOCOLATE;7763;146;;;;;7765;146;;;;;7764.0;0.0
3;119300;CHOCOLATE;7761;98;;;;;7763;98;;;;;7762.0;0.0
3;119400;CHOCOLATE;7762;9;7761.0;139.0;;;7763;139;;;;;7762.0;0.0
3;119500;CHOCOLATE;7761;50;7760.0;73.0;;;7762;123;;;;;7761.0;0.0
3;119600;CHOCOLATE;7761;63;7760.0;68.0;;;7762;63;7763.0;68.0;;;7761.5;0.0
3;119700;CHOCOLATE;7761;41;7760.0;76.0;;;7762;117;;;;;7761.0;0.0
3;119800;CHOCOLATE;7759;115;;;;;7761;115;;;;;7760.0;0.0
3;119900;CHOCOLATE;7759;113;;;;;7761;113;;;;;7760.0;0.0
3;120000;CHOCOLATE;7759;49;7758.0;89.0;;;7760;49;7761.0;89.0;;;7759.5;0.0
3;120100;CHOCOLATE;7759;62;7758.0;63.0;;;7760;125;;;;;7759.0;0.0
3;120200;CHOCOLATE;7760;40;7759.0;99.0;;;7761;139;;;;;7760.0;0.0
3;120300;CHOCOLATE;7760;65;7759.0;75.0;;;7761;140;;;;;7760.0;0.0
3;120400;CHOCOLATE;7760;94;;;;;7761;44;7762.0;50.0;;;7761.0;0.0
3;120500;CHOCOLATE;7763;59;7762.0;88.0;;;7764;141;;;;;7763.0;0.0
3;120600;CHOCOLATE;7762;129;;;;;7764;129;;;;;7763.0;0.0
3;120700;CHOCOLATE;7762;152;;;;;7764;152;;;;;7763.0;0.0
3;120800;CHOCOLATE;7763;64;7762.0;61.0;;;7764;125;;;;;7763.5;0.0
3;120900;CHOCOLATE;7763;112;;;;;7765;112;;;;;7764.0;0.0
3;121000;CHOCOLATE;7765;46;7764.0;99.0;;;7766;46;7767.0;99.0;;;7765.5;0.0
3;121100;CHOCOLATE;7764;114;;;;;7766;114;;;;;7765.0;0.0
3;121200;CHOCOLATE;7763;108;;;;;7764;38;7765.0;70.0;;;7764.0;0.0
3;121300;CHOCOLATE;7763;145;;;;;7764;42;7765.0;95.0;;;7764.0;0.0
3;121400;CHOCOLATE;7763;151;;;;;7765;151;;;;;7764.0;0.0
3;121500;CHOCOLATE;7762;123;;;;;7764;123;;;;;7763.0;0.0
3;121600;CHOCOLATE;7763;108;;;;;7765;108;;;;;7764.0;0.0
3;121700;CHOCOLATE;7763;53;7762.0;99.0;;;7764;53;7765.0;99.0;;;7763.5;0.0
3;121800;CHOCOLATE;7762;112;;;;;7763;54;7764.0;58.0;;;7763.0;0.0
3;121900;CHOCOLATE;7761;39;7760.0;70.0;;;7762;109;;;;;7761.0;0.0
3;122000;CHOCOLATE;7759;149;;;;;7760;62;7761.0;87.0;;;7760.0;0.0
3;122100;CHOCOLATE;7759;147;;;;;7761;147;;;;;7760.0;0.0
3;122200;CHOCOLATE;7758;125;;;;;7759;52;7760.0;73.0;;;7759.0;0.0
3;122300;CHOCOLATE;7757;109;;;;;7759;109;;;;;7758.0;0.0
3;122400;CHOCOLATE;7759;143;;;;;7761;143;;;;;7760.0;0.0
3;122500;CHOCOLATE;7758;137;;;;;7760;137;;;;;7759.0;0.0
3;122600;CHOCOLATE;7761;115;;;;;7762;40;7763.0;75.0;;;7762.0;0.0
3;122700;CHOCOLATE;7761;130;;;;;7763;130;;;;;7762.0;0.0
3;122800;CHOCOLATE;7760;125;;;;;7762;125;;;;;7761.0;0.0
3;122900;CHOCOLATE;7761;123;;;;;7762;51;7763.0;72.0;;;7762.0;0.0
3;123000;CHOCOLATE;7760;119;;;;;7761;40;7762.0;79.0;;;7761.0;0.0
3;123100;CHOCOLATE;7760;35;7759.0;77.0;;;7761;112;;;;;7760.0;0.0
3;123200;CHOCOLATE;7759;40;7758.0;52.0;;;7760;92;;;;;7759.0;0.0
3;123300;CHOCOLATE;7761;61;7760.0;94.0;;;7762;155;;;;;7761.0;0.0
3;123400;CHOCOLATE;7762;44;7761.0;64.0;;;7763;108;;;;;7762.0;0.0
3;123500;CHOCOLATE;7762;43;7761.0;75.0;;;7763;118;;;;;7762.0;0.0
3;123600;CHOCOLATE;7762;48;7761.0;91.0;;;7763;48;7764.0;91.0;;;7762.5;0.0
3;123700;CHOCOLATE;7762;117;;;;;7764;125;;;;;7763.0;0.0
3;123800;CHOCOLATE;7762;127;;;;;7764;127;;;;;7763.0;0.0
3;123900;CHOCOLATE;7763;36;7762.0;61.0;;;7764;97;;;;;7763.0;0.0
3;124000;CHOCOLATE;7764;137;;;;;7766;137;;;;;7765.0;0.0
3;124100;CHOCOLATE;7765;124;;;;;7766;38;7767.0;86.0;;;7766.0;0.0
3;124200;CHOCOLATE;7765;47;7764.0;94.0;;;7766;47;7767.0;94.0;;;7765.5;0.0
3;124300;CHOCOLATE;7764;106;;;;;7766;106;;;;;7765.0;0.0
3;124400;CHOCOLATE;7765;122;;;;;7767;122;;;;;7766.0;0.0
3;124500;CHOCOLATE;7765;45;7764.0;85.0;;;7766;130;;;;;7765.0;0.0
3;124600;CHOCOLATE;7763;140;;;;;7765;140;;;;;7764.0;0.0
3;124700;CHOCOLATE;7763;41;7762.0;85.0;;;7764;126;;;;;7763.0;0.0
3;124800;CHOCOLATE;7761;137;;;;;7763;137;;;;;7762.0;0.0
3;124900;CHOCOLATE;7762;57;7761.0;68.0;;;7763;125;;;;;7762.0;0.0
3;125000;CHOCOLATE;7759;121;;;;;7761;121;;;;;7760.0;0.0
3;125100;CHOCOLATE;7760;128;;;;;7762;128;;;;;7761.0;0.0
3;125200;CHOCOLATE;7760;56;7759.0;90.0;;;7761;56;7762.0;90.0;;;7760.5;0.0
3;125300;CHOCOLATE;7760;116;;;;;7762;116;;;;;7761.0;0.0
3;125400;CHOCOLATE;7758;145;;;;;7760;145;;;;;7759.0;0.0
3;125500;CHOCOLATE;7759;147;;;;;7760;54;7761.0;93.0;;;7760.0;0.0
3;125600;CHOCOLATE;7759;144;;;;;7761;144;;;;;7760.0;0.0
3;125700;CHOCOLATE;7758;138;;;;;7760;138;;;;;7759.0;0.0
3;125800;CHOCOLATE;7757;43;7756.0;93.0;;;7758;43;7759.0;93.0;;;7757.5;0.0
3;125900;CHOCOLATE;7756;133;;;;;7758;133;;;;;7757.0;0.0
3;126000;CHOCOLATE;7753;139;;;;;7755;139;;;;;7754.0;0.0
3;126100;CHOCOLATE;7754;36;7753.0;87.0;;;7755;36;7756.0;87.0;;;7754.5;0.0
3;126200;CHOCOLATE;7752;105;;;;;7753;38;7754.0;67.0;;;7753.0;0.0
3;126300;CHOCOLATE;7751;54;7750.0;66.0;;;7752;54;7753.0;66.0;;;7751.5;0.0
3;126400;CHOCOLATE;7750;60;7749.0;82.0;;;7751;60;7752.0;82.0;;;7750.5;0.0
3;126500;CHOCOLATE;7748;106;;;;;7750;106;;;;;7749.0;0.0
3;126600;CHOCOLATE;7747;121;;;;;7748;42;7749.0;79.0;;;7748.0;0.0
3;126700;CHOCOLATE;7747;143;;;;;7749;143;;;;;7748.0;0.0
3;126800;CHOCOLATE;7747;101;;;;;7749;101;;;;;7748.0;0.0
3;126900;CHOCOLATE;7749;54;7748.0;93.0;;;7750;147;;;;;7749.0;0.0
3;127000;CHOCOLATE;7750;110;;;;;7752;110;;;;;7751.0;0.0
3;127100;CHOCOLATE;7751;109;;;;;7753;109;;;;;7752.0;0.0
3;127200;CHOCOLATE;7750;54;7749.0;71.0;;;7751;125;;;;;7750.0;0.0
3;127300;CHOCOLATE;7750;37;7749.0;63.0;;;7751;100;;;;;7750.0;0.0
3;127400;CHOCOLATE;7750;117;;;;;7752;117;;;;;7751.0;0.0
3;127500;CHOCOLATE;7751;59;7750.0;57.0;;;7752;116;;;;;7751.5;0.0
3;127600;CHOCOLATE;7751;45;7750.0;84.0;;;7752;129;;;;;7751.0;0.0
3;127700;CHOCOLATE;7751;120;;;;;7753;120;;;;;7752.0;0.0
3;127800;CHOCOLATE;7753;30;7752.0;99.0;;;7754;134;;;;;7753.0;0.0
3;127900;CHOCOLATE;7753;109;;;;;7754;36;7755.0;73.0;;;7754.0;0.0
3;128000;CHOCOLATE;7754;39;7753.0;97.0;;;7755;136;;;;;7754.0;0.0
3;128100;CHOCOLATE;7754;150;;;;;7755;50;7756.0;100.0;;;7755.0;0.0
3;128200;CHOCOLATE;7756;41;7755.0;56.0;;;7757;97;;;;;7756.0;0.0
3;128300;CHOCOLATE;7757;48;7756.0;86.0;;;7758;134;;;;;7757.0;0.0
3;128400;CHOCOLATE;7756;133;;;;;7758;133;;;;;7757.0;0.0
3;128500;CHOCOLATE;7757;58;7756.0;58.0;;;7758;116;;;;;7757.5;0.0
3;128600;CHOCOLATE;7756;133;;;;;7758;133;;;;;7757.0;0.0
3;128700;CHOCOLATE;7757;54;7756.0;77.0;;;7758;54;7759.0;77.0;;;7757.5;0.0
3;128800;CHOCOLATE;7757;129;;;;;7759;129;;;;;7758.0;0.0
3;128900;CHOCOLATE;7758;141;;;;;7759;55;7760.0;86.0;;;7759.0;0.0
3;129000;CHOCOLATE;7758;65;7757.0;70.0;;;7759;135;;;;;7758.0;0.0
3;129100;CHOCOLATE;7759;36;7758.0;53.0;;;7760;36;7761.0;53.0;;;7759.5;0.0
3;129200;CHOCOLATE;7759;48;7758.0;93.0;;;7760;132;;;;;7759.0;0.0
3;129300;CHOCOLATE;7758;116;;;;;7760;116;;;;;7759.0;0.0
3;129400;CHOCOLATE;7757;144;;;;;7759;144;;;;;7758.0;0.0
3;129500;CHOCOLATE;7758;133;;;;;7759;64;7760.0;69.0;;;7759.0;0.0
3;129600;CHOCOLATE;7759;89;;;;;7760;38;7761.0;51.0;;;7760.0;0.0
3;129700;CHOCOLATE;7758;142;;;;;7760;142;;;;;7759.0;0.0
3;129800;CHOCOLATE;7758;45;7757.0;80.0;;;7759;45;7760.0;80.0;;;7758.5;0.0
3;129900;CHOCOLATE;7758;109;;;;;7760;109;;;;;7759.0;0.0
3;130000;CHOCOLATE;7758;151;;;;;7760;151;;;;;7759.0;0.0
3;130100;CHOCOLATE;7760;103;;;;;7762;103;;;;;7761.0;0.0
3;130200;CHOCOLATE;7760;65;7759.0;50.0;;;7761;115;;;;;7760.5;0.0
3;130300;CHOCOLATE;7761;119;;;;;7762;58;7763.0;61.0;;;7762.0;0.0
3;130400;CHOCOLATE;7761;51;7760.0;92.0;;;7762;143;;;;;7761.0;0.0
3;130500;CHOCOLATE;7761;108;;;;;7763;108;;;;;7762.0;0.0
3;130600;CHOCOLATE;7763;62;7762.0;53.0;;;7764;62;7765.0;53.0;;;7763.5;0.0
3;130700;CHOCOLATE;7764;140;;;;;7766;140;;;;;7765.0;0.0
3;130800;CHOCOLATE;7763;135;;;;;7765;135;;;;;7764.0;0.0
3;130900;CHOCOLATE;7764;136;;;;;7765;53;7766.0;83.0;;;7765.0;0.0
3;131000;CHOCOLATE;7762;125;;;;;7764;125;;;;;7763.0;0.0
3;131100;CHOCOLATE;7762;116;;;;;7763;46;7764.0;70.0;;;7763.0;0.0
3;131200;CHOCOLATE;7762;136;;;;;7763;63;7764.0;73.0;;;7763.0;0.0
3;131300;CHOCOLATE;7761;43;7760.0;78.0;;;7762;43;7763.0;78.0;;;7761.5;0.0
3;131400;CHOCOLATE;7761;132;;;;;7763;122;;;;;7762.0;0.0
3;131500;CHOCOLATE;7761;49;7760.0;81.0;;;7762;130;;;;;7761.0;0.0
3;131600;CHOCOLATE;7760;132;;;;;7762;132;;;;;7761.0;0.0
3;131700;CHOCOLATE;7759;99;;;;;7760;35;7761.0;73.0;;;7760.0;0.0
3;131800;CHOCOLATE;7759;120;;;;;7761;120;;;;;7760.0;0.0
3;131900;CHOCOLATE;7758;54;7757.0;67.0;;;7759;54;7760.0;67.0;;;7758.5;0.0
3;132000;CHOCOLATE;7757;141;;;;;7758;58;7759.0;83.0;;;7758.0;0.0
3;132100;CHOCOLATE;7757;133;;;;;7758;58;7759.0;75.0;;;7758.0;0.0
3;132200;CHOCOLATE;7757;126;;;;;7759;126;;;;;7758.0;0.0
3;132300;CHOCOLATE;7757;42;7756.0;73.0;;;7758;42;7759.0;73.0;;;7757.5;0.0
3;132400;CHOCOLATE;7757;129;;;;;7759;129;;;;;7758.0;0.0
3;132500;CHOCOLATE;7757;148;;;;;7759;148;;;;;7758.0;0.0
3;132600;CHOCOLATE;7758;93;;;;;7759;41;7760.0;52.0;;;7759.0;0.0
3;132700;CHOCOLATE;7757;123;;;;;7759;123;;;;;7758.0;0.0
3;132800;CHOCOLATE;7758;62;7757.0;62.0;;;7759;124;;;;;7758.5;0.0
3;132900;CHOCOLATE;7758;35;7757.0;50.0;;;7759;35;7760.0;50.0;;;7758.5;0.0
3;133000;CHOCOLATE;7758;118;;;;;7760;118;;;;;7759.0;0.0
3;133100;CHOCOLATE;7756;45;7755.0;84.0;;;7757;129;;;;;7756.0;0.0
3;133200;CHOCOLATE;7756;103;;;;;7757;45;7758.0;58.0;;;7757.0;0.0
3;133300;CHOCOLATE;7756;144;;;;;7758;144;;;;;7757.0;0.0
3;133400;CHOCOLATE;7757;56;7756.0;54.0;;;7758;110;;;;;7757.5;0.0
3;133500;CHOCOLATE;7758;60;7757.0;53.0;;;7759;113;;;;;7758.5;0.0
3;133600;CHOCOLATE;7757;60;7756.0;60.0;;;7758;120;;;;;7757.5;0.0
3;133700;CHOCOLATE;7759;57;7758.0;75.0;;;7760;132;;;;;7759.0;0.0
3;133800;CHOCOLATE;7756;94;;;;;7758;94;;;;;7757.0;0.0
3;133900;CHOCOLATE;7758;97;;;;;7759;37;7760.0;65.0;;;7759.0;0.0
3;134000;CHOCOLATE;7757;116;;;;;7759;116;;;;;7758.0;0.0
3;134100;CHOCOLATE;7756;111;;;;;7758;111;;;;;7757.0;0.0
3;134200;CHOCOLATE;7755;129;;;;;7757;129;;;;;7756.0;0.0
3;134300;CHOCOLATE;7756;59;7755.0;55.0;;;7757;114;;;;;7756.5;0.0
3;134400;CHOCOLATE;7754;63;7753.0;100.0;;;7755;163;;;;;7754.0;0.0
3;134500;CHOCOLATE;7755;44;7754.0;89.0;;;7756;129;;;;;7755.0;0.0
3;134600;CHOCOLATE;7755;62;7754.0;74.0;;;7756;62;7757.0;74.0;;;7755.5;0.0
3;134700;CHOCOLATE;7756;119;;;;;7758;119;;;;;7757.0;0.0
3;134800;CHOCOLATE;7755;98;;;;;7756;36;7757.0;55.0;;;7756.0;0.0
3;134900;CHOCOLATE;7755;43;7754.0;58.0;;;7756;43;7757.0;58.0;;;7755.5;0.0
3;135000;CHOCOLATE;7753;133;;;;;7755;133;;;;;7754.0;0.0
3;135100;CHOCOLATE;7754;118;;;;;7756;118;;;;;7755.0;0.0
3;135200;CHOCOLATE;7755;124;;;;;7756;5;7757.0;124.0;;;7756.0;0.0
3;135300;CHOCOLATE;7756;115;;;;;7757;64;7758.0;51.0;;;7756.5;0.0
3;135400;CHOCOLATE;7756;125;;;;;7758;125;;;;;7757.0;0.0
3;135500;CHOCOLATE;7757;46;7756.0;69.0;;;7758;46;7759.0;69.0;;;7757.5;0.0
3;135600;CHOCOLATE;7756;134;;;;;7757;9;7758.0;134.0;;;7757.0;0.0
3;135700;CHOCOLATE;7758;41;7757.0;73.0;;;7759;114;;;;;7758.0;0.0
3;135800;CHOCOLATE;7759;36;7758.0;93.0;;;7760;129;;;;;7759.0;0.0
3;135900;CHOCOLATE;7760;112;;;;;7761;57;7762.0;55.0;;;7760.5;0.0
3;136000;CHOCOLATE;7761;58;7760.0;50.0;;;7762;108;;;;;7761.5;0.0
3;136100;CHOCOLATE;7761;35;7760.0;77.0;;;7762;112;;;;;7761.0;0.0
3;136200;CHOCOLATE;7761;50;7760.0;53.0;;;7762;103;;;;;7761.0;0.0
3;136300;CHOCOLATE;7761;59;7760.0;59.0;;;7762;59;7763.0;59.0;;;7761.5;0.0
3;136400;CHOCOLATE;7761;127;;;;;7763;127;;;;;7762.0;0.0
3;136500;CHOCOLATE;7761;41;7760.0;84.0;;;7762;125;;;;;7761.0;0.0
3;136600;CHOCOLATE;7760;126;;;;;7762;126;;;;;7761.0;0.0
3;136700;CHOCOLATE;7760;117;;;;;7762;117;;;;;7761.0;0.0
3;136800;CHOCOLATE;7761;140;;;;;7763;140;;;;;7762.0;0.0
3;136900;CHOCOLATE;7761;157;;;;;7763;157;;;;;7762.0;0.0
3;137000;CHOCOLATE;7762;149;;;;;7763;62;7764.0;87.0;;;7763.0;0.0
3;137100;CHOCOLATE;7762;40;7761.0;60.0;;;7763;100;;;;;7762.0;0.0
3;137200;CHOCOLATE;7761;137;;;;;7762;59;7763.0;78.0;;;7762.0;0.0
3;137300;CHOCOLATE;7762;151;;;;;7764;151;;;;;7763.0;0.0
3;137400;CHOCOLATE;7763;63;7762.0;62.0;;;7764;125;;;;;7763.5;0.0
3;137500;CHOCOLATE;7763;55;7762.0;51.0;;;7764;106;;;;;7763.5;0.0
3;137600;CHOCOLATE;7762;120;;;;;7763;47;7764.0;73.0;;;7763.0;0.0
3;137700;CHOCOLATE;7763;129;;;;;7764;57;7765.0;72.0;;;7764.0;0.0
3;137800;CHOCOLATE;7762;137;;;;;7764;137;;;;;7763.0;0.0
3;137900;CHOCOLATE;7761;104;;;;;7763;104;;;;;7762.0;0.0
3;138000;CHOCOLATE;7761;96;;;;;7763;96;;;;;7762.0;0.0
3;138100;CHOCOLATE;7760;140;;;;;7762;140;;;;;7761.0;0.0
3;138200;CHOCOLATE;7761;55;7760.0;86.0;;;7762;55;7763.0;86.0;;;7761.5;0.0
3;138300;CHOCOLATE;7761;135;;;;;7762;56;7763.0;79.0;;;7762.0;0.0
3;138400;CHOCOLATE;7760;35;7759.0;78.0;;;7761;113;;;;;7760.0;0.0
3;138500;CHOCOLATE;7761;132;;;;;7762;65;7763.0;67.0;;;7762.0;0.0
3;138600;CHOCOLATE;7760;139;;;;;7761;48;7762.0;91.0;;;7761.0;0.0
3;138700;CHOCOLATE;7758;131;;;;;7760;131;;;;;7759.0;0.0
3;138800;CHOCOLATE;7759;93;;;;;7760;43;7761.0;50.0;;;7760.0;0.0
3;138900;CHOCOLATE;7757;117;;;;;7759;117;;;;;7758.0;0.0
3;139000;CHOCOLATE;7758;135;;;;;7760;135;;;;;7759.0;0.0
3;139100;CHOCOLATE;7758;45;7757.0;96.0;;;7759;45;7760.0;96.0;;;7758.5;0.0
3;139200;CHOCOLATE;7758;64;7757.0;58.0;;;7759;122;;;;;7758.5;0.0
3;139300;CHOCOLATE;7757;120;;;;;7759;120;;;;;7758.0;0.0
3;139400;CHOCOLATE;7756;148;;;;;7757;55;7758.0;93.0;;;7757.0;0.0
3;139500;CHOCOLATE;7756;118;;;;;7758;118;;;;;7757.0;0.0
3;139600;CHOCOLATE;7755;53;7754.0;61.0;;;7756;114;;;;;7755.0;0.0
3;139700;CHOCOLATE;7756;59;7755.0;88.0;;;7757;59;7758.0;88.0;;;7756.5;0.0
3;139800;CHOCOLATE;7755;138;;;;;7757;138;;;;;7756.0;0.0
3;139900;CHOCOLATE;7756;125;;;;;7757;51;7758.0;74.0;;;7757.0;0.0
3;140000;CHOCOLATE;7758;121;;;;;7760;121;;;;;7759.0;0.0
3;140100;CHOCOLATE;7758;105;;;;;7760;105;;;;;7759.0;0.0
3;140200;CHOCOLATE;7758;136;;;;;7760;136;;;;;7759.0;0.0
3;140300;CHOCOLATE;7757;153;;;;;7758;57;7759.0;96.0;;;7758.0;0.0
3;140400;CHOCOLATE;7757;126;;;;;7758;52;7759.0;74.0;;;7758.0;0.0
3;140500;CHOCOLATE;7758;148;;;;;7759;62;7760.0;86.0;;;7759.0;0.0
3;140600;CHOCOLATE;7758;158;;;;;7760;158;;;;;7759.0;0.0
3;140700;CHOCOLATE;7759;50;7758.0;98.0;;;7760;148;;;;;7759.0;0.0
3;140800;CHOCOLATE;7759;58;7758.0;59.0;;;7760;58;7761.0;59.0;;;7759.5;0.0
3;140900;CHOCOLATE;7760;113;;;;;7762;113;;;;;7761.0;0.0
3;141000;CHOCOLATE;7763;54;7762.0;80.0;;;7764;134;;;;;7763.0;0.0
3;141100;CHOCOLATE;7764;59;7763.0;92.0;;;7765;151;;;;;7764.0;0.0
3;141200;CHOCOLATE;7764;59;7763.0;54.0;;;7765;113;;;;;7764.5;0.0
3;141300;CHOCOLATE;7763;50;7762.0;84.0;;;7764;50;7765.0;84.0;;;7763.5;0.0
3;141400;CHOCOLATE;7763;60;7762.0;76.0;;;7764;136;;;;;7763.0;0.0
3;141500;CHOCOLATE;7763;85;;;;;7765;85;;;;;7764.0;0.0
3;141600;CHOCOLATE;7763;50;7762.0;90.0;;;7764;50;7765.0;90.0;;;7763.5;0.0
3;141700;CHOCOLATE;7762;64;7761.0;81.0;;;7763;64;7764.0;81.0;;;7762.5;0.0
3;141800;CHOCOLATE;7763;37;7762.0;84.0;;;7764;121;;;;;7763.0;0.0
3;141900;CHOCOLATE;7761;133;;;;;7763;133;;;;;7762.0;0.0
3;142000;CHOCOLATE;7763;40;7762.0;99.0;;;7764;139;;;;;7763.0;0.0
3;142100;CHOCOLATE;7762;36;7761.0;94.0;;;7763;130;;;;;7762.0;0.0
3;142200;CHOCOLATE;7761;148;;;;;7762;48;7763.0;100.0;;;7762.0;0.0
3;142300;CHOCOLATE;7762;134;;;;;7764;134;;;;;7763.0;0.0
3;142400;CHOCOLATE;7761;53;7760.0;85.0;;;7762;53;7763.0;85.0;;;7761.5;0.0
3;142500;CHOCOLATE;7762;59;7761.0;86.0;;;7763;145;;;;;7762.0;0.0
3;142600;CHOCOLATE;7761;119;;;;;7762;46;7763.0;73.0;;;7762.0;0.0
3;142700;CHOCOLATE;7762;118;;;;;7764;118;;;;;7763.0;0.0
3;142800;CHOCOLATE;7761;156;;;;;7763;156;;;;;7762.0;0.0
3;142900;CHOCOLATE;7760;150;;;;;7762;150;;;;;7761.0;0.0
3;143000;CHOCOLATE;7761;103;;;;;7763;103;;;;;7762.0;0.0
3;143100;CHOCOLATE;7761;59;7760.0;64.0;;;7762;123;;;;;7761.0;0.0
3;143200;CHOCOLATE;7761;105;;;;;7762;44;7763.0;61.0;;;7762.0;0.0
3;143300;CHOCOLATE;7761;130;;;;;7763;130;;;;;7762.0;0.0
3;143400;CHOCOLATE;7762;43;7761.0;98.0;;;7763;43;7764.0;98.0;;;7762.5;0.0
3;143500;CHOCOLATE;7762;142;;;;;7763;55;7764.0;87.0;;;7763.0;0.0
3;143600;CHOCOLATE;7761;134;;;;;7763;134;;;;;7762.0;0.0
3;143700;CHOCOLATE;7761;53;7760.0;98.0;;;7762;53;7763.0;98.0;;;7761.5;0.0
3;143800;CHOCOLATE;7761;8;7760.0;124.0;;;7762;124;;;;;7761.0;0.0
3;143900;CHOCOLATE;7760;112;;;;;7762;112;;;;;7761.0;0.0
3;144000;CHOCOLATE;7759;114;;;;;7761;114;;;;;7760.0;0.0
3;144100;CHOCOLATE;7759;59;7758.0;70.0;;;7760;59;7761.0;70.0;;;7759.5;0.0
3;144200;CHOCOLATE;7759;124;;;;;7761;124;;;;;7760.0;0.0
3;144300;CHOCOLATE;7760;143;;;;;7762;143;;;;;7761.0;0.0
3;144400;CHOCOLATE;7760;134;;;;;7762;134;;;;;7761.0;0.0
3;144500;CHOCOLATE;7760;56;7759.0;77.0;;;7761;133;;;;;7760.0;0.0
3;144600;CHOCOLATE;7761;130;;;;;7763;130;;;;;7762.0;0.0
3;144700;CHOCOLATE;7763;135;;;;;7765;135;;;;;7764.0;0.0
3;144800;CHOCOLATE;7764;65;7763.0;60.0;;;7765;65;7766.0;60.0;;;7764.5;0.0
3;144900;CHOCOLATE;7764;40;7763.0;100.0;;;7765;40;7766.0;100.0;;;7764.5;0.0
3;145000;CHOCOLATE;7764;157;;;;;7765;57;7766.0;100.0;;;7765.0;0.0
3;145100;CHOCOLATE;7763;51;7762.0;65.0;;;7764;116;;;;;7763.0;0.0
3;145200;CHOCOLATE;7764;99;;;;;7765;40;7766.0;59.0;;;7765.0;0.0
3;145300;CHOCOLATE;7764;61;7763.0;79.0;;;7765;140;;;;;7764.0;0.0
3;145400;CHOCOLATE;7764;45;7763.0;97.0;;;7765;142;;;;;7764.0;0.0
3;145500;CHOCOLATE;7764;121;;;;;7766;121;;;;;7765.0;0.0
3;145600;CHOCOLATE;7765;61;7764.0;64.0;;;7766;61;7767.0;64.0;;;7765.5;0.0
3;145700;CHOCOLATE;7764;103;;;;;7765;47;7766.0;56.0;;;7765.0;0.0
3;145800;CHOCOLATE;7765;103;;;;;7767;103;;;;;7766.0;0.0
3;145900;CHOCOLATE;7764;114;;;;;7766;114;;;;;7765.0;0.0
3;146000;CHOCOLATE;7765;112;;;;;7766;38;7767.0;74.0;;;7766.0;0.0
3;146100;CHOCOLATE;7766;50;7765.0;94.0;;;7767;50;7768.0;94.0;;;7766.5;0.0
3;146200;CHOCOLATE;7765;155;;;;;7766;57;7767.0;92.0;;;7766.0;0.0
3;146300;CHOCOLATE;7765;121;;;;;7766;42;7767.0;79.0;;;7766.0;0.0
3;146400;CHOCOLATE;7765;44;7764.0;57.0;;;7766;101;;;;;7765.0;0.0
3;146500;CHOCOLATE;7766;52;7765.0;66.0;;;7767;52;7768.0;66.0;;;7766.5;0.0
3;146600;CHOCOLATE;7766;70;7765.0;83.0;;;7767;61;7768.0;83.0;;;7766.5;0.0
3;146700;CHOCOLATE;7767;132;;;;;7768;39;7769.0;93.0;;;7768.0;0.0
3;146800;CHOCOLATE;7767;116;;;;;7769;116;;;;;7768.0;0.0
3;146900;CHOCOLATE;7766;60;7765.0;61.0;;;7767;121;;;;;7766.0;0.0
3;147000;CHOCOLATE;7765;61;7764.0;68.0;;;7766;129;;;;;7765.0;0.0
3;147100;CHOCOLATE;7765;50;7764.0;77.0;;;7766;127;;;;;7765.0;0.0
3;147200;CHOCOLATE;7763;102;;;;;7764;37;7765.0;65.0;;;7764.0;0.0
3;147300;CHOCOLATE;7763;103;;;;;7765;103;;;;;7764.0;0.0
3;147400;CHOCOLATE;7763;52;7762.0;91.0;;;7764;143;;;;;7763.0;0.0
3;147500;CHOCOLATE;7763;58;7762.0;78.0;;;7764;136;;;;;7763.0;0.0
3;147600;CHOCOLATE;7764;136;;;;;7766;136;;;;;7765.0;0.0
3;147700;CHOCOLATE;7764;51;7763.0;70.0;;;7765;121;;;;;7764.0;0.0
3;147800;CHOCOLATE;7763;59;7762.0;78.0;;;7764;137;;;;;7763.0;0.0
3;147900;CHOCOLATE;7763;37;7762.0;60.0;;;7764;37;7765.0;60.0;;;7763.5;0.0
3;148000;CHOCOLATE;7762;135;;;;;7763;61;7764.0;74.0;;;7763.0;0.0
3;148100;CHOCOLATE;7762;58;7761.0;61.0;;;7763;58;7764.0;61.0;;;7762.5;0.0
3;148200;CHOCOLATE;7761;132;;;;;7762;44;7763.0;88.0;;;7762.0;0.0
3;148300;CHOCOLATE;7761;108;;;;;7763;108;;;;;7762.0;0.0
3;148400;CHOCOLATE;7762;44;7761.0;68.0;;;7763;44;7764.0;68.0;;;7762.5;0.0
3;148500;CHOCOLATE;7762;103;;;;;7764;103;;;;;7763.0;0.0
3;148600;CHOCOLATE;7761;36;7760.0;84.0;;;7762;36;7763.0;84.0;;;7761.5;0.0
3;148700;CHOCOLATE;7759;154;;;;;7761;154;;;;;7760.0;0.0
3;148800;CHOCOLATE;7759;113;;;;;7761;113;;;;;7760.0;0.0
3;148900;CHOCOLATE;7758;61;7757.0;90.0;;;7759;151;;;;;7758.0;0.0
3;149000;CHOCOLATE;7759;132;;;;;7761;132;;;;;7760.0;0.0
3;149100;CHOCOLATE;7760;41;7759.0;90.0;;;7761;131;;;;;7760.0;0.0
3;149200;CHOCOLATE;7759;131;;;;;7760;39;7761.0;92.0;;;7760.0;0.0
3;149300;CHOCOLATE;7759;118;;;;;7760;64;7761.0;54.0;;;7759.5;0.0
3;149400;CHOCOLATE;7760;145;;;;;7762;145;;;;;7761.0;0.0
3;149500;CHOCOLATE;7761;62;7760.0;98.0;;;7762;160;;;;;7761.0;0.0
3;149600;CHOCOLATE;7760;54;7759.0;65.0;;;7761;119;;;;;7760.0;0.0
3;149700;CHOCOLATE;7758;131;;;;;7760;131;;;;;7759.0;0.0
3;149800;CHOCOLATE;7760;115;;;;;7761;44;7762.0;71.0;;;7761.0;0.0
3;149900;CHOCOLATE;7760;36;7759.0;70.0;;;7761;36;7762.0;70.0;;;7760.5;0.0
3;150000;CHOCOLATE;7760;47;7759.0;52.0;;;7761;99;;;;;7760.0;0.0
3;150100;CHOCOLATE;7760;107;;;;;7762;107;;;;;7761.0;0.0
3;150200;CHOCOLATE;7760;97;;;;;7761;45;7762.0;52.0;;;7761.0;0.0
3;150300;CHOCOLATE;7760;95;;;;;7762;90;;;;;7761.0;0.0
3;150400;CHOCOLATE;7762;58;7761.0;97.0;;;7763;58;7764.0;97.0;;;7762.5;0.0
3;150500;CHOCOLATE;7762;150;;;;;7763;51;7764.0;99.0;;;7763.0;0.0
3;150600;CHOCOLATE;7761;46;7760.0;67.0;;;7762;113;;;;;7761.0;0.0
3;150700;CHOCOLATE;7760;62;7759.0;84.0;;;7761;146;;;;;7760.0;0.0
3;150800;CHOCOLATE;7761;58;7760.0;67.0;;;7762;58;7763.0;67.0;;;7761.5;0.0
3;150900;CHOCOLATE;7762;37;7761.0;82.0;;;7763;119;;;;;7762.0;0.0
3;151000;CHOCOLATE;7760;124;;;;;7762;124;;;;;7761.0;0.0
3;151100;CHOCOLATE;7760;110;;;;;7762;110;;;;;7761.0;0.0
3;151200;CHOCOLATE;7760;95;;;;;7761;40;7762.0;55.0;;;7761.0;0.0
3;151300;CHOCOLATE;7759;101;;;;;7760;44;7761.0;57.0;;;7760.0;0.0
3;151400;CHOCOLATE;7758;49;7757.0;52.0;;;7759;101;;;;;7758.0;0.0
3;151500;CHOCOLATE;7759;104;;;;;7760;45;7761.0;59.0;;;7760.0;0.0
3;151600;CHOCOLATE;7759;131;;;;;7760;60;7761.0;71.0;;;7760.0;0.0
3;151700;CHOCOLATE;7758;143;;;;;7759;64;7760.0;79.0;;;7759.0;0.0
3;151800;CHOCOLATE;7757;121;;;;;7759;121;;;;;7758.0;0.0
3;151900;CHOCOLATE;7757;129;;;;;7759;129;;;;;7758.0;0.0
3;152000;CHOCOLATE;7758;149;;;;;7760;149;;;;;7759.0;0.0
3;152100;CHOCOLATE;7760;55;7759.0;56.0;;;7761;55;7762.0;56.0;;;7760.5;0.0
3;152200;CHOCOLATE;7760;112;;;;;7762;112;;;;;7761.0;0.0
3;152300;CHOCOLATE;7761;35;7760.0;59.0;;;7762;94;;;;;7761.0;0.0
3;152400;CHOCOLATE;7758;109;;;;;7760;109;;;;;7759.0;0.0
3;152500;CHOCOLATE;7759;47;7758.0;72.0;;;7760;47;7761.0;72.0;;;7759.5;0.0
3;152600;CHOCOLATE;7758;145;;;;;7760;145;;;;;7759.0;0.0
3;152700;CHOCOLATE;7759;115;;;;;7760;62;7761.0;53.0;;;7759.5;0.0
3;152800;CHOCOLATE;7759;54;7758.0;51.0;;;7760;105;;;;;7759.5;0.0
3;152900;CHOCOLATE;7761;57;7760.0;93.0;;;7762;57;7763.0;93.0;;;7761.5;0.0
3;153000;CHOCOLATE;7759;90;;;;;7761;90;;;;;7760.0;0.0
3;153100;CHOCOLATE;7761;120;;;;;7763;120;;;;;7762.0;0.0
3;153200;CHOCOLATE;7763;42;7762.0;53.0;;;7764;42;7765.0;53.0;;;7763.5;0.0
3;153300;CHOCOLATE;7763;133;;;;;7765;133;;;;;7764.0;0.0
3;153400;CHOCOLATE;7764;102;;;;;7765;48;7766.0;54.0;;;7765.0;0.0
3;153500;CHOCOLATE;7762;119;;;;;7764;119;;;;;7763.0;0.0
3;153600;CHOCOLATE;7762;143;;;;;7764;143;;;;;7763.0;0.0
3;153700;CHOCOLATE;7762;113;;;;;7764;113;;;;;7763.0;0.0
3;153800;CHOCOLATE;7762;121;;;;;7763;44;7764.0;77.0;;;7763.0;0.0
3;153900;CHOCOLATE;7762;93;;;;;7763;40;7764.0;53.0;;;7763.0;0.0
3;154000;CHOCOLATE;7762;118;;;;;7764;118;;;;;7763.0;0.0
3;154100;CHOCOLATE;7763;144;;;;;7764;62;7765.0;82.0;;;7764.0;0.0
3;154200;CHOCOLATE;7764;35;7763.0;96.0;;;7765;131;;;;;7764.0;0.0
3;154300;CHOCOLATE;7762;131;;;;;7764;131;;;;;7763.0;0.0
3;154400;CHOCOLATE;7762;97;;;;;7764;97;;;;;7763.0;0.0
3;154500;CHOCOLATE;7762;116;;;;;7763;41;7764.0;75.0;;;7763.0;0.0
3;154600;CHOCOLATE;7763;144;;;;;7765;144;;;;;7764.0;0.0
3;154700;CHOCOLATE;7764;40;7763.0;79.0;;;7765;119;;;;;7764.0;0.0
3;154800;CHOCOLATE;7764;61;7763.0;70.0;;;7765;131;;;;;7764.0;0.0
3;154900;CHOCOLATE;7763;111;;;;;7764;40;7765.0;71.0;;;7764.0;0.0
3;155000;CHOCOLATE;7763;94;;;;;7764;41;7765.0;57.0;;;7764.0;0.0
3;155100;CHOCOLATE;7761;122;;;;;7763;122;;;;;7762.0;0.0
3;155200;CHOCOLATE;7762;40;7761.0;75.0;;;7763;40;7764.0;75.0;;;7762.5;0.0
3;155300;CHOCOLATE;7762;134;;;;;7764;134;;;;;7763.0;0.0
3;155400;CHOCOLATE;7762;101;;;;;7763;50;7764.0;51.0;;;7763.0;0.0
3;155500;CHOCOLATE;7764;41;7763.0;78.0;;;7765;41;7766.0;78.0;;;7764.5;0.0
3;155600;CHOCOLATE;7762;115;;;;;7764;115;;;;;7763.0;0.0
3;155700;CHOCOLATE;7761;35;7760.0;87.0;;;7762;122;;;;;7761.0;0.0
3;155800;CHOCOLATE;7762;36;7761.0;93.0;;;7763;36;7764.0;93.0;;;7762.5;0.0
3;155900;CHOCOLATE;7761;146;;;;;7762;48;7763.0;98.0;;;7762.0;0.0
3;156000;CHOCOLATE;7760;47;7759.0;75.0;;;7761;122;;;;;7760.0;0.0
3;156100;CHOCOLATE;7759;39;7758.0;77.0;;;7760;39;7761.0;77.0;;;7759.5;0.0
3;156200;CHOCOLATE;7758;106;;;;;7759;36;7760.0;70.0;;;7759.0;0.0
3;156300;CHOCOLATE;7757;37;7756.0;57.0;;;7758;37;7759.0;57.0;;;7757.5;0.0
3;156400;CHOCOLATE;7754;130;;;;;7756;130;;;;;7755.0;0.0
3;156500;CHOCOLATE;7754;129;;;;;7755;57;7756.0;72.0;;;7755.0;0.0
3;156600;CHOCOLATE;7754;107;;;;;7756;107;;;;;7755.0;0.0
3;156700;CHOCOLATE;7754;64;7753.0;77.0;;;7755;64;7756.0;77.0;;;7754.5;0.0
3;156800;CHOCOLATE;7754;113;;;;;7756;113;;;;;7755.0;0.0
3;156900;CHOCOLATE;7755;130;;;;;7756;63;7757.0;58.0;;;7755.5;0.0
3;157000;CHOCOLATE;7754;143;;;;;7756;143;;;;;7755.0;0.0
3;157100;CHOCOLATE;7755;132;;;;;7757;132;;;;;7756.0;0.0
3;157200;CHOCOLATE;7755;64;7754.0;77.0;;;7756;64;7757.0;77.0;;;7755.5;0.0
3;157300;CHOCOLATE;7756;115;;;;;7757;45;7758.0;70.0;;;7757.0;0.0
3;157400;CHOCOLATE;7756;45;7755.0;72.0;;;7757;126;;;;;7756.0;0.0
3;157500;CHOCOLATE;7756;139;;;;;7758;139;;;;;7757.0;0.0
3;157600;CHOCOLATE;7757;132;;;;;7759;132;;;;;7758.0;0.0
3;157700;CHOCOLATE;7757;42;7756.0;76.0;;;7758;118;;;;;7757.0;0.0
3;157800;CHOCOLATE;7756;57;7755.0;66.0;;;7757;123;;;;;7756.0;0.0
3;157900;CHOCOLATE;7754;118;;;;;7756;118;;;;;7755.0;0.0
3;158000;CHOCOLATE;7754;43;7753.0;98.0;;;7755;141;;;;;7754.0;0.0
3;158100;CHOCOLATE;7754;85;;;;;7756;85;;;;;7755.0;0.0
3;158200;CHOCOLATE;7753;138;;;;;7755;138;;;;;7754.0;0.0
3;158300;CHOCOLATE;7754;64;7753.0;83.0;;;7755;64;7756.0;83.0;;;7754.5;0.0
3;158400;CHOCOLATE;7755;136;;;;;7757;136;;;;;7756.0;0.0
3;158500;CHOCOLATE;7756;145;;;;;7757;49;7758.0;88.0;;;7757.0;0.0
3;158600;CHOCOLATE;7756;146;;;;;7758;146;;;;;7757.0;0.0
3;158700;CHOCOLATE;7757;128;;;;;7759;128;;;;;7758.0;0.0
3;158800;CHOCOLATE;7758;98;;;;;7759;45;7760.0;53.0;;;7759.0;0.0
3;158900;CHOCOLATE;7759;42;7758.0;80.0;;;7760;42;7761.0;80.0;;;7759.5;0.0
3;159000;CHOCOLATE;7758;161;;;;;7760;153;;;;;7759.0;0.0
3;159100;CHOCOLATE;7758;110;;;;;7760;110;;;;;7759.0;0.0
3;159200;CHOCOLATE;7759;145;;;;;7760;58;7761.0;87.0;;;7760.0;0.0
3;159300;CHOCOLATE;7759;48;7758.0;70.0;;;7760;48;7761.0;70.0;;;7759.5;0.0
3;159400;CHOCOLATE;7760;160;;;;;7762;160;;;;;7761.0;0.0
3;159500;CHOCOLATE;7760;41;7759.0;63.0;;;7761;104;;;;;7760.0;0.0
3;159600;CHOCOLATE;7760;127;;;;;7761;41;7762.0;86.0;;;7761.0;0.0
3;159700;CHOCOLATE;7761;139;;;;;7763;139;;;;;7762.0;0.0
3;159800;CHOCOLATE;7761;148;;;;;7763;148;;;;;7762.0;0.0
3;159900;CHOCOLATE;7760;128;;;;;7761;57;7762.0;71.0;;;7761.0;0.0
3;160000;CHOCOLATE;7760;112;;;;;7762;112;;;;;7761.0;0.0
3;160100;CHOCOLATE;7761;142;;;;;7762;50;7763.0;92.0;;;7762.0;0.0
3;160200;CHOCOLATE;7760;140;;;;;7762;140;;;;;7761.0;0.0
3;160300;CHOCOLATE;7761;64;7760.0;73.0;;;7762;64;7763.0;73.0;;;7761.5;0.0
3;160400;CHOCOLATE;7761;121;;;;;7763;121;;;;;7762.0;0.0
