day;timestamp;product;bid_price_1;bid_volume_1;bid_price_2;bid_volume_2;bid_price_3;bid_volume_3;ask_price_1;ask_volume_1;ask_price_2;ask_volume_2;ask_price_3;ask_volume_3;mid_price;profit_and_loss
4;0;COCONUT;9883;136;9882.0;49.0;;;9884;136;9885.0;49.0;;;9883.5;0.0
4;100;COCONUT;9885;101;9884.0;42.0;;;9886;101;9887.0;42.0;;;9885.5;0.0
4;200;COCONUT;9884;99;9883.0;67.0;;;9886;172;;;;;9885.0;0.0
4;300;COCONUT;9886;114;9885.0;42.0;;;9887;114;9888.0;42.0;;;9886.5;0.0
4;400;COCONUT;9884;200;;;;;9886;129;9887.0;71.0;;;9885.0;0.0
4;500;COCONUT;9884;155;;;;;9886;107;9887.0;48.0;;;9885.0;0.0
4;600;COCONUT;9884;140;9883.0;72.0;;;9885;140;9886.0;72.0;;;9884.5;0.0
4;700;COCONUT;9884;118;9883.0;45.0;;;9885;109;9886.0;45.0;;;9884.5;0.0
4;800;COCONUT;9884;116;9883.0;58.0;;;9885;115;9886.0;58.0;;;9884.5;0.0
4;900;COCONUT;9884;187;;;;;9886;128;9887.0;59.0;;;9885.0;0.0
4;1000;COCONUT;9885;119;9884.0;46.0;;;9887;165;;;;;9886.0;0.0
4;1100;COCONUT;9885;154;9884.0;56.0;;;9887;205;;;;;9886.0;0.0
4;1200;COCONUT;9884;117;9883.0;47.0;;;9886;164;;;;;9885.0;0.0
4;1300;COCONUT;9884;136;9883.0;79.0;;;9885;130;9886.0;79.0;;;9884.5;0.0
4;1400;COCONUT;9882;118;9881.0;72.0;;;9884;190;;;;;9883.0;0.0
4;1500;COCONUT;9883;198;;;;;9885;123;9886.0;75.0;;;9884.0;0.0
4;1600;COCONUT;9882;123;9881.0;58.0;;;9883;129;9884.0;58.0;;;9882.5;0.0
4;1700;COCONUT;9882;119;9881.0;52.0;;;9883;119;9884.0;52.0;;;9882.5;0.0
4;1800;COCONUT;9882;115;9881.0;72.0;;;9883;115;9884.0;72.0;;;9882.5;0.0
4;1900;COCONUT;9883;136;9882.0;44.0;;;9884;136;9885.0;44.0;;;9883.5;0.0
4;2000;COCONUT;9881;193;;;;;9883;126;9884.0;67.0;;;9882.0;0.0
4;2100;COCONUT;9881;182;;;;;9883;182;;;;;9882.0;0.0
4;2200;COCONUT;9881;147;9880.0;79.0;;;9882;147;9883.0;79.0;;;9881.5;0.0
4;2300;COCONUT;9881;187;;;;;9883;108;9884.0;79.0;;;9882.0;0.0
4;2400;COCONUT;9882;103;9881.0;60.0;;;9884;163;;;;;9883.0;0.0
4;2500;COCONUT;9882;132;9881.0;43.0;;;9883;139;9884.0;43.0;;;9882.5;0.0
4;2600;COCONUT;9882;139;9881.0;75.0;;;9883;148;9884.0;75.0;;;9882.5;0.0
4;2700;COCONUT;9881;134;9880.0;54.0;;;9882;127;9883.0;54.0;;;9881.5;0.0
4;2800;COCONUT;9880;113;9879.0;56.0;;;9881;113;9882.0;56.0;;;9880.5;0.0
4;2900;COCONUT;9879;108;9878.0;73.0;;;9881;181;;;;;9880.0;0.0
4;3000;COCONUT;9879;225;;;;;9881;147;9882.0;78.0;;;9880.0;0.0
4;3100;COCONUT;9878;146;9877.0;64.0;;;9880;210;;;;;9879.0;0.0
4;3200;COCONUT;9878;177;;;;;9880;129;9881.0;48.0;;;9879.0;0.0
4;3300;COCONUT;9878;121;9877.0;47.0;;;9879;121;9880.0;47.0;;;9878.5;0.0
4;3400;COCONUT;9878;129;9877.0;61.0;;;9880;190;;;;;9879.0;0.0
4;3500;COCONUT;9879;198;;;;;9881;132;9882.0;66.0;;;9880.0;0.0
4;3600;COCONUT;9879;142;9878.0;54.0;;;9880;142;9881.0;54.0;;;9879.5;0.0
4;3700;COCONUT;9878;142;9877.0;56.0;;;9880;198;;;;;9879.0;0.0
4;3800;COCONUT;9880;6;9879.0;209.0;;;9881;209;;;;;9880.0;0.0
4;3900;COCONUT;9880;207;;;;;9882;142;9883.0;65.0;;;9881.0;0.0
4;4000;COCONUT;9878;180;;;;;9880;118;9881.0;62.0;;;9879.0;0.0
4;4100;COCONUT;9878;132;9877.0;56.0;;;9880;188;;;;;9879.0;0.0
4;4200;COCONUT;9878;145;9877.0;57.0;;;9880;202;;;;;9879.0;0.0
4;4300;COCONUT;9878;216;;;;;9880;216;;;;;9879.0;0.0
4;4400;COCONUT;9880;118;9879.0;52.0;;;9881;118;9882.0;52.0;;;9880.5;0.0
4;4500;COCONUT;9881;143;9880.0;70.0;;;9882;143;9883.0;70.0;;;9881.5;0.0
4;4600;COCONUT;9882;156;9881.0;40.0;;;9883;150;9884.0;40.0;;;9882.5;0.0
4;4700;COCONUT;9883;108;9882.0;64.0;;;9884;108;9885.0;64.0;;;9883.5;0.0
4;4800;COCONUT;9882;138;9881.0;54.0;;;9883;138;9884.0;54.0;;;9882.5;0.0
4;4900;COCONUT;9883;155;;;;;9885;108;9886.0;47.0;;;9884.0;0.0
4;5000;COCONUT;9883;147;9882.0;43.0;;;9885;180;;;;;9884.0;0.0
4;5100;COCONUT;9881;160;;;;;9883;109;9884.0;51.0;;;9882.0;0.0
4;5200;COCONUT;9882;101;9881.0;46.0;;;9883;101;9884.0;46.0;;;9882.5;0.0
4;5300;COCONUT;9882;175;;;;;9884;124;9885.0;51.0;;;9883.0;0.0
4;5400;COCONUT;9882;129;9881.0;57.0;;;9884;186;;;;;9883.0;0.0
4;5500;COCONUT;9882;136;9881.0;58.0;;;9883;136;9884.0;58.0;;;9882.5;0.0
4;5600;COCONUT;9883;147;9882.0;44.0;;;9884;147;9885.0;44.0;;;9883.5;0.0
4;5700;COCONUT;9881;106;9880.0;71.0;;;9882;106;9883.0;71.0;;;9881.5;0.0
4;5800;COCONUT;9881;117;9880.0;72.0;;;9882;117;9883.0;72.0;;;9881.5;0.0
4;5900;COCONUT;9881;121;9880.0;53.0;;;9882;122;9883.0;53.0;;;9881.5;0.0
4;6000;COCONUT;9882;145;9881.0;41.0;;;9883;145;9884.0;41.0;;;9882.5;0.0
4;6100;COCONUT;9881;129;9880.0;65.0;;;9882;129;9883.0;65.0;;;9881.5;0.0
4;6200;COCONUT;9881;113;9880.0;61.0;;;9882;121;9883.0;61.0;;;9881.5;0.0
4;6300;COCONUT;9879;101;9878.0;73.0;;;9880;101;9881.0;73.0;;;9879.5;0.0
4;6400;COCONUT;9876;185;;;;;9878;142;9879.0;43.0;;;9877.0;0.0
4;6500;COCONUT;9876;105;9875.0;50.0;;;9878;165;;;;;9877.0;0.0
4;6600;COCONUT;9875;102;9874.0;67.0;;;9876;102;9877.0;67.0;;;9875.5;0.0
4;6700;COCONUT;9874;144;9873.0;69.0;;;9875;144;9876.0;69.0;;;9874.5;0.0
4;6800;COCONUT;9875;140;9874.0;65.0;;;9877;205;;;;;9876.0;0.0
4;6900;COCONUT;9873;105;9872.0;63.0;;;9874;105;9875.0;63.0;;;9873.5;0.0
4;7000;COCONUT;9872;111;9871.0;69.0;;;9873;120;9874.0;69.0;;;9872.5;0.0
4;7100;COCONUT;9871;129;9870.0;48.0;;;9873;177;;;;;9872.0;0.0
4;7200;COCONUT;9872;128;9871.0;53.0;;;9873;128;9874.0;53.0;;;9872.5;0.0
4;7300;COCONUT;9872;140;9871.0;64.0;;;9873;140;9874.0;64.0;;;9872.5;0.0
4;7400;COCONUT;9871;180;;;;;9873;139;9874.0;41.0;;;9872.0;0.0
4;7500;COCONUT;9873;112;9872.0;44.0;;;9875;156;;;;;9874.0;0.0
4;7600;COCONUT;9873;133;9872.0;69.0;;;9874;133;9875.0;69.0;;;9873.5;0.0
4;7700;COCONUT;9873;122;9872.0;76.0;;;9874;122;9875.0;76.0;;;9873.5;0.0
4;7800;COCONUT;9872;150;9871.0;75.0;;;9873;143;9874.0;75.0;;;9872.5;0.0
4;7900;COCONUT;9873;188;;;;;9875;144;9876.0;44.0;;;9874.0;0.0
4;8000;COCONUT;9873;136;9872.0;66.0;;;9875;202;;;;;9874.0;0.0
4;8100;COCONUT;9872;133;9871.0;50.0;;;9873;133;9874.0;50.0;;;9872.5;0.0
4;8200;COCONUT;9871;118;9870.0;76.0;;;9873;194;;;;;9872.0;0.0
4;8300;COCONUT;9871;132;9870.0;72.0;;;9873;204;;;;;9872.0;0.0
4;8400;COCONUT;9871;125;9870.0;79.0;;;9873;195;;;;;9872.0;0.0
4;8500;COCONUT;9871;109;9870.0;53.0;;;9872;109;9873.0;53.0;;;9871.5;0.0
4;8600;COCONUT;9873;111;9872.0;75.0;;;9874;111;9875.0;75.0;;;9873.5;0.0
4;8700;COCONUT;9873;123;9872.0;69.0;;;9874;123;9875.0;69.0;;;9873.5;0.0
4;8800;COCONUT;9872;129;9871.0;70.0;;;9874;199;;;;;9873.0;0.0
4;8900;COCONUT;9871;102;9870.0;67.0;;;9872;102;9873.0;67.0;;;9871.5;0.0
4;9000;COCONUT;9870;120;9869.0;76.0;;;9871;120;9872.0;76.0;;;9870.5;0.0
4;9100;COCONUT;9870;178;;;;;9872;178;;;;;9871.0;0.0
4;9200;COCONUT;9870;114;9869.0;68.0;;;9872;182;;;;;9871.0;0.0
4;9300;COCONUT;9868;179;;;;;9870;106;9871.0;73.0;;;9869.0;0.0
4;9400;COCONUT;9869;109;9868.0;55.0;;;9871;164;;;;;9870.0;0.0
4;9500;COCONUT;9869;122;9868.0;49.0;;;9870;122;9871.0;49.0;;;9869.5;0.0
4;9600;COCONUT;9870;178;;;;;9872;108;9873.0;70.0;;;9871.0;0.0
4;9700;COCONUT;9871;115;9870.0;72.0;;;9873;187;;;;;9872.0;0.0
4;9800;COCONUT;9871;146;9870.0;47.0;;;9873;193;;;;;9872.0;0.0
4;9900;COCONUT;9872;5;9871.0;176.0;;;9873;112;9874.0;64.0;;;9872.0;0.0
4;10000;COCONUT;9872;129;9871.0;43.0;;;9873;129;9874.0;43.0;;;9872.5;0.0
4;10100;COCONUT;9873;110;9872.0;68.0;;;9875;178;;;;;9874.0;0.0
4;10200;COCONUT;9874;143;9873.0;73.0;;;9875;143;9876.0;73.0;;;9874.5;0.0
4;10300;COCONUT;9874;165;;;;;9876;123;9877.0;42.0;;;9875.0;0.0
4;10400;COCONUT;9874;165;;;;;9876;104;9877.0;61.0;;;9875.0;0.0
4;10500;COCONUT;9877;135;9876.0;71.0;;;9878;135;9879.0;71.0;;;9877.5;0.0
4;10600;COCONUT;9877;127;9876.0;72.0;;;9879;199;;;;;9878.0;0.0
4;10700;COCONUT;9877;134;9876.0;52.0;;;9878;134;9879.0;52.0;;;9877.5;0.0
4;10800;COCONUT;9876;132;9875.0;72.0;;;9877;132;9878.0;72.0;;;9876.5;0.0
4;10900;COCONUT;9876;91;9875.0;49.0;;;9877;101;9878.0;49.0;;;9876.5;0.0
4;11000;COCONUT;9878;114;9877.0;69.0;;;9879;114;9880.0;69.0;;;9878.5;0.0
4;11100;COCONUT;9878;116;9877.0;63.0;;;9879;116;9880.0;63.0;;;9878.5;0.0
4;11200;COCONUT;9878;120;9877.0;46.0;;;9880;166;;;;;9879.0;0.0
4;11300;COCONUT;9878;205;;;;;9880;125;9881.0;80.0;;;9879.0;0.0
4;11400;COCONUT;9876;112;9875.0;41.0;;;9878;153;;;;;9877.0;0.0
4;11500;COCONUT;9876;181;;;;;9878;103;9879.0;78.0;;;9877.0;0.0
4;11600;COCONUT;9878;127;9877.0;71.0;;;9879;127;9880.0;71.0;;;9878.5;0.0
4;11700;COCONUT;9879;138;9878.0;60.0;;;9880;132;9881.0;60.0;;;9879.5;0.0
4;11800;COCONUT;9878;176;;;;;9880;120;9881.0;56.0;;;9879.0;0.0
4;11900;COCONUT;9880;108;9879.0;64.0;;;9881;108;9882.0;64.0;;;9880.5;0.0
4;12000;COCONUT;9881;119;9880.0;46.0;;;9882;119;9883.0;46.0;;;9881.5;0.0
4;12100;COCONUT;9883;138;9882.0;79.0;;;9884;138;9885.0;79.0;;;9883.5;0.0
4;12200;COCONUT;9882;137;9881.0;70.0;;;9883;137;9884.0;70.0;;;9882.5;0.0
4;12300;COCONUT;9883;117;9882.0;45.0;;;9884;117;9885.0;45.0;;;9883.5;0.0
4;12400;COCONUT;9884;181;;;;;9886;121;9887.0;60.0;;;9885.0;0.0
4;12500;COCONUT;9885;127;9884.0;45.0;;;9886;127;9887.0;45.0;;;9885.5;0.0
4;12600;COCONUT;9887;121;9886.0;49.0;;;9889;170;;;;;9888.0;0.0
4;12700;COCONUT;9887;172;;;;;9889;172;;;;;9888.0;0.0
4;12800;COCONUT;9887;125;9886.0;70.0;;;9888;125;9889.0;70.0;;;9887.5;0.0
4;12900;COCONUT;9887;100;9886.0;50.0;;;9888;100;9889.0;50.0;;;9887.5;0.0
4;13000;COCONUT;9886;143;9885.0;50.0;;;9887;143;9888.0;50.0;;;9886.5;0.0
4;13100;COCONUT;9887;130;9886.0;59.0;;;9888;138;9889.0;59.0;;;9887.5;0.0
4;13200;COCONUT;9888;197;;;;;9890;123;9891.0;74.0;;;9889.0;0.0
4;13300;COCONUT;9888;146;9887.0;80.0;;;9890;226;;;;;9889.0;0.0
4;13400;COCONUT;9888;178;;;;;9890;101;9891.0;77.0;;;9889.0;0.0
4;13500;COCONUT;9889;122;9888.0;50.0;;;9891;177;;;;;9890.0;0.0
4;13600;COCONUT;9887;144;9886.0;66.0;;;9889;210;;;;;9888.0;0.0
4;13700;COCONUT;9886;145;9885.0;73.0;;;9888;218;;;;;9887.0;0.0
4;13800;COCONUT;9886;148;9885.0;59.0;;;9887;148;9888.0;59.0;;;9886.5;0.0
4;13900;COCONUT;9886;112;9885.0;48.0;;;9887;117;9888.0;48.0;;;9886.5;0.0
4;14000;COCONUT;9886;6;9885.0;180.0;;;9887;128;9888.0;52.0;;;9886.0;0.0
4;14100;COCONUT;9886;141;9885.0;79.0;;;9887;141;9888.0;79.0;;;9886.5;0.0
4;14200;COCONUT;9883;185;;;;;9885;105;9886.0;80.0;;;9884.0;0.0
4;14300;COCONUT;9883;141;9882.0;46.0;;;9885;187;;;;;9884.0;0.0
4;14400;COCONUT;9885;117;9884.0;40.0;;;9887;167;;;;;9886.0;0.0
4;14500;COCONUT;9886;129;9885.0;43.0;;;9887;129;9888.0;43.0;;;9886.5;0.0
4;14600;COCONUT;9887;121;9886.0;43.0;;;9888;121;9889.0;43.0;;;9887.5;0.0
4;14700;COCONUT;9888;159;;;;;9890;110;9891.0;49.0;;;9889.0;0.0
4;14800;COCONUT;9886;157;;;;;9888;107;9889.0;50.0;;;9887.0;0.0
4;14900;COCONUT;9885;104;9884.0;75.0;;;9886;104;9887.0;75.0;;;9885.5;0.0
4;15000;COCONUT;9884;159;;;;;9886;159;;;;;9885.0;0.0
4;15100;COCONUT;9885;101;9884.0;66.0;;;9887;167;;;;;9886.0;0.0
4;15200;COCONUT;9885;174;;;;;9887;116;9888.0;58.0;;;9886.0;0.0
4;15300;COCONUT;9887;119;9886.0;62.0;;;9889;188;;;;;9888.0;0.0
4;15400;COCONUT;9889;101;9888.0;49.0;;;9890;101;9891.0;49.0;;;9889.5;0.0
4;15500;COCONUT;9889;139;9888.0;44.0;;;9890;139;9891.0;44.0;;;9889.5;0.0
4;15600;COCONUT;9889;209;;;;;9891;147;9892.0;62.0;;;9890.0;0.0
4;15700;COCONUT;9890;118;9889.0;56.0;;;9891;118;9892.0;56.0;;;9890.5;0.0
4;15800;COCONUT;9890;193;;;;;9892;137;9893.0;56.0;;;9891.0;0.0
4;15900;COCONUT;9890;133;9889.0;66.0;;;9891;133;9892.0;66.0;;;9890.5;0.0
4;16000;COCONUT;9890;138;9889.0;74.0;;;9891;138;9892.0;74.0;;;9890.5;0.0
4;16100;COCONUT;9891;102;9890.0;45.0;;;9892;102;9893.0;45.0;;;9891.5;0.0
4;16200;COCONUT;9890;131;9889.0;71.0;;;9891;131;9892.0;71.0;;;9890.5;0.0
4;16300;COCONUT;9889;178;;;;;9891;115;9892.0;63.0;;;9890.0;0.0
4;16400;COCONUT;9892;119;9891.0;79.0;;;9893;119;9894.0;79.0;;;9892.5;0.0
4;16500;COCONUT;9893;148;9892.0;74.0;;;9894;148;9895.0;74.0;;;9893.5;0.0
4;16600;COCONUT;9893;179;;;;;9895;131;9896.0;48.0;;;9894.0;0.0
4;16700;COCONUT;9894;144;9893.0;78.0;;;9895;144;9896.0;78.0;;;9894.5;0.0
4;16800;COCONUT;9892;117;9891.0;42.0;;;9894;159;;;;;9893.0;0.0
4;16900;COCONUT;9891;147;9890.0;64.0;;;9893;211;;;;;9892.0;0.0
4;17000;COCONUT;9892;107;9891.0;40.0;;;9893;107;9894.0;40.0;;;9892.5;0.0
4;17100;COCONUT;9892;123;9891.0;59.0;;;9894;182;;;;;9893.0;0.0
4;17200;COCONUT;9892;155;;;;;9894;105;9895.0;50.0;;;9893.0;0.0
4;17300;COCONUT;9893;124;9892.0;54.0;;;9895;178;;;;;9894.0;0.0
4;17400;COCONUT;9893;211;;;;;9895;138;9896.0;73.0;;;9894.0;0.0
4;17500;COCONUT;9894;181;;;;;9896;135;9897.0;46.0;;;9895.0;0.0
4;17600;COCONUT;9894;219;;;;;9896;144;9897.0;75.0;;;9895.0;0.0
4;17700;COCONUT;9893;148;9892.0;50.0;;;9894;143;9895.0;50.0;;;9893.5;0.0
4;17800;COCONUT;9893;141;9892.0;70.0;;;9895;211;;;;;9894.0;0.0
4;17900;COCONUT;9894;162;;;;;9896;104;9897.0;58.0;;;9895.0;0.0
4;18000;COCONUT;9895;135;9894.0;69.0;;;9896;135;9897.0;69.0;;;9895.5;0.0
4;18100;COCONUT;9894;117;9893.0;61.0;;;9895;117;9896.0;61.0;;;9894.5;0.0
4;18200;COCONUT;9893;137;9892.0;78.0;;;9895;215;;;;;9894.0;0.0
4;18300;COCONUT;9893;115;9892.0;46.0;;;9895;161;;;;;9894.0;0.0
4;18400;COCONUT;9892;195;;;;;9894;139;9895.0;56.0;;;9893.0;0.0
4;18500;COCONUT;9891;106;9890.0;55.0;;;9892;106;9893.0;55.0;;;9891.5;0.0
4;18600;COCONUT;9892;111;9891.0;56.0;;;9893;111;9894.0;56.0;;;9892.5;0.0
4;18700;COCONUT;9891;183;;;;;9893;183;;;;;9892.0;0.0
4;18800;COCONUT;9892;144;9891.0;50.0;;;9893;144;9894.0;50.0;;;9892.5;0.0
4;18900;COCONUT;9892;102;9891.0;74.0;;;9893;102;9894.0;74.0;;;9892.5;0.0
4;19000;COCONUT;9893;131;9892.0;73.0;;;9894;131;9895.0;73.0;;;9893.5;0.0
4;19100;COCONUT;9893;124;9892.0;68.0;;;9894;124;9895.0;68.0;;;9893.5;0.0
4;19200;COCONUT;9892;138;9891.0;52.0;;;9893;138;9894.0;52.0;;;9892.5;0.0
4;19300;COCONUT;9893;177;;;;;9895;125;9896.0;49.0;;;9894.0;0.0
4;19400;COCONUT;9892;121;9891.0;78.0;;;9894;205;;;;;9893.0;0.0
4;19500;COCONUT;9893;208;;;;;9895;208;;;;;9894.0;0.0
4;19600;COCONUT;9892;101;9891.0;46.0;;;9893;101;9894.0;46.0;;;9892.5;0.0
4;19700;COCONUT;9891;181;;;;;9893;181;;;;;9892.0;0.0
4;19800;COCONUT;9891;110;9890.0;53.0;;;9892;110;9893.0;53.0;;;9891.5;0.0
4;19900;COCONUT;9891;147;9890.0;65.0;;;9893;212;;;;;9892.0;0.0
4;20000;COCONUT;9891;131;9890.0;41.0;;;9892;131;9893.0;41.0;;;9891.5;0.0
4;20100;COCONUT;9891;117;9890.0;71.0;;;9892;117;9893.0;71.0;;;9891.5;0.0
4;20200;COCONUT;9892;122;9891.0;57.0;;;9893;122;9894.0;57.0;;;9892.5;0.0
4;20300;COCONUT;9892;137;9891.0;60.0;;;9893;137;9894.0;60.0;;;9892.5;0.0
4;20400;COCONUT;9892;138;9891.0;40.0;;;9893;138;9894.0;40.0;;;9892.5;0.0
4;20500;COCONUT;9891;131;9890.0;42.0;;;9893;173;;;;;9892.0;0.0
4;20600;COCONUT;9891;127;9890.0;57.0;;;9893;184;;;;;9892.0;0.0
4;20700;COCONUT;9892;109;9891.0;41.0;;;9893;109;9894.0;41.0;;;9892.5;0.0
4;20800;COCONUT;9891;190;;;;;9893;149;9894.0;41.0;;;9892.0;0.0
4;20900;COCONUT;9892;125;9891.0;56.0;;;9894;181;;;;;9893.0;0.0
4;21000;COCONUT;9893;101;9892.0;54.0;;;9895;155;;;;;9894.0;0.0
4;21100;COCONUT;9892;125;9891.0;57.0;;;9893;125;9894.0;57.0;;;9892.5;0.0
4;21200;COCONUT;9891;107;9890.0;62.0;;;9892;107;9893.0;62.0;;;9891.5;0.0
4;21300;COCONUT;9892;152;;;;;9894;102;9895.0;50.0;;;9893.0;0.0
4;21400;COCONUT;9891;188;;;;;9893;134;9894.0;54.0;;;9892.0;0.0
4;21500;COCONUT;9890;127;9889.0;71.0;;;9892;198;;;;;9891.0;0.0
4;21600;COCONUT;9891;119;9890.0;77.0;;;9892;119;9893.0;77.0;;;9891.5;0.0
4;21700;COCONUT;9892;123;9891.0;59.0;;;9893;123;9894.0;59.0;;;9892.5;0.0
4;21800;COCONUT;9894;150;9893.0;75.0;;;9895;150;9896.0;75.0;;;9894.5;0.0
4;21900;COCONUT;9895;150;9894.0;73.0;;;9896;150;9897.0;73.0;;;9895.5;0.0
4;22000;COCONUT;9895;135;9894.0;67.0;;;9896;135;9897.0;67.0;;;9895.5;0.0
4;22100;COCONUT;9894;141;9893.0;66.0;;;9895;141;9896.0;66.0;;;9894.5;0.0
4;22200;COCONUT;9892;173;;;;;9894;130;9895.0;43.0;;;9893.0;0.0
4;22300;COCONUT;9893;122;9892.0;61.0;;;9894;122;9895.0;61.0;;;9893.5;0.0
4;22400;COCONUT;9895;120;9894.0;43.0;;;9897;163;;;;;9896.0;0.0
4;22500;COCONUT;9894;151;;;;;9896;107;9897.0;41.0;;;9895.0;0.0
4;22600;COCONUT;9894;116;9893.0;43.0;;;9896;159;;;;;9895.0;0.0
4;22700;COCONUT;9895;184;;;;;9897;135;9898.0;49.0;;;9896.0;0.0
4;22800;COCONUT;9893;177;;;;;9895;125;9896.0;52.0;;;9894.0;0.0
4;22900;COCONUT;9894;110;9893.0;49.0;;;9895;104;9896.0;49.0;;;9894.5;0.0
4;23000;COCONUT;9895;133;9894.0;74.0;;;9896;133;9897.0;74.0;;;9895.5;0.0
4;23100;COCONUT;9894;101;9893.0;45.0;;;9896;146;;;;;9895.0;0.0
4;23200;COCONUT;9893;173;;;;;9895;115;9896.0;58.0;;;9894.0;0.0
4;23300;COCONUT;9894;141;9893.0;68.0;;;9896;209;;;;;9895.0;0.0
4;23400;COCONUT;9893;101;9892.0;62.0;;;9894;101;9895.0;62.0;;;9893.5;0.0
4;23500;COCONUT;9894;137;9893.0;76.0;;;9896;213;;;;;9895.0;0.0
4;23600;COCONUT;9895;119;9894.0;52.0;;;9896;126;9897.0;52.0;;;9895.5;0.0
4;23700;COCONUT;9894;148;9893.0;51.0;;;9896;199;;;;;9895.0;0.0
4;23800;COCONUT;9896;177;;;;;9898;107;9899.0;70.0;;;9897.0;0.0
4;23900;COCONUT;9896;128;9895.0;80.0;;;9898;208;;;;;9897.0;0.0
4;24000;COCONUT;9895;136;9894.0;43.0;;;9896;136;9897.0;43.0;;;9895.5;0.0
4;24100;COCONUT;9895;179;;;;;9897;117;9898.0;62.0;;;9896.0;0.0
4;24200;COCONUT;9895;210;;;;;9897;147;9898.0;63.0;;;9896.0;0.0
4;24300;COCONUT;9896;220;;;;;9898;140;9899.0;80.0;;;9897.0;0.0
4;24400;COCONUT;9897;138;9896.0;48.0;;;9899;186;;;;;9898.0;0.0
4;24500;COCONUT;9896;3;9895.0;125.0;9894.0;53.0;9897;178;;;;;9896.0;0.0
4;24600;COCONUT;9896;3;9895.0;131.0;9894.0;45.0;9897;176;;;;;9896.0;0.0
4;24700;COCONUT;9895;116;9894.0;45.0;;;9897;161;;;;;9896.0;0.0
4;24800;COCONUT;9895;182;;;;;9897;182;;;;;9896.0;0.0
4;24900;COCONUT;9896;145;9895.0;59.0;;;9897;145;9898.0;59.0;;;9896.5;0.0
4;25000;COCONUT;9897;114;9896.0;73.0;;;9899;187;;;;;9898.0;0.0
4;25100;COCONUT;9896;135;9895.0;73.0;;;9897;135;9898.0;73.0;;;9896.5;0.0
4;25200;COCONUT;9897;108;9896.0;52.0;;;9898;108;9899.0;52.0;;;9897.5;0.0
4;25300;COCONUT;9896;107;9895.0;47.0;;;9897;107;9898.0;47.0;;;9896.5;0.0
4;25400;COCONUT;9896;98;9895.0;63.0;;;9897;108;9898.0;63.0;;;9896.5;0.0
4;25500;COCONUT;9897;188;;;;;9899;130;9900.0;58.0;;;9898.0;0.0
4;25600;COCONUT;9897;163;;;;;9899;163;;;;;9898.0;0.0
4;25700;COCONUT;9897;169;;;;;9899;105;9900.0;64.0;;;9898.0;0.0
4;25800;COCONUT;9898;161;;;;;9900;116;9901.0;45.0;;;9899.0;0.0
4;25900;COCONUT;9899;113;9898.0;56.0;;;9900;113;9901.0;56.0;;;9899.5;0.0
4;26000;COCONUT;9900;133;9899.0;60.0;;;9901;133;9902.0;60.0;;;9900.5;0.0
4;26100;COCONUT;9901;102;9900.0;65.0;;;9902;102;9903.0;65.0;;;9901.5;0.0
4;26200;COCONUT;9901;140;9900.0;67.0;;;9902;140;9903.0;67.0;;;9901.5;0.0
4;26300;COCONUT;9900;211;;;;;9902;140;9903.0;71.0;;;9901.0;0.0
4;26400;COCONUT;9898;109;9897.0;53.0;;;9900;163;;;;;9899.0;0.0
4;26500;COCONUT;9898;115;9897.0;44.0;;;9899;115;9900.0;44.0;;;9898.5;0.0
4;26600;COCONUT;9898;116;9897.0;60.0;;;9900;176;;;;;9899.0;0.0
4;26700;COCONUT;9896;219;;;;;9897;8;9898.0;142.0;9899.0;77.0;9897.0;0.0
4;26800;COCONUT;9895;209;;;;;9897;145;9898.0;64.0;;;9896.0;0.0
4;26900;COCONUT;9896;124;9895.0;62.0;;;9897;117;9898.0;62.0;;;9896.5;0.0
4;27000;COCONUT;9896;140;9895.0;67.0;;;9898;207;;;;;9897.0;0.0
4;27100;COCONUT;9898;100;9897.0;49.0;;;9899;100;9900.0;49.0;;;9898.5;0.0
4;27200;COCONUT;9898;136;9897.0;65.0;;;9900;201;;;;;9899.0;0.0
4;27300;COCONUT;9897;112;9896.0;70.0;;;9898;122;9899.0;70.0;;;9897.5;0.0
4;27400;COCONUT;9897;108;9896.0;74.0;;;9898;108;9899.0;74.0;;;9897.5;0.0
4;27500;COCONUT;9896;142;9895.0;53.0;;;9897;142;9898.0;53.0;;;9896.5;0.0
4;27600;COCONUT;9895;162;;;;;9897;105;9898.0;57.0;;;9896.0;0.0
4;27700;COCONUT;9896;137;9895.0;80.0;;;9897;137;9898.0;80.0;;;9896.5;0.0
4;27800;COCONUT;9894;147;9893.0;80.0;;;9896;227;;;;;9895.0;0.0
4;27900;COCONUT;9895;120;9894.0;74.0;;;9897;194;;;;;9896.0;0.0
4;28000;COCONUT;9894;109;9893.0;71.0;;;9896;186;;;;;9895.0;0.0
4;28100;COCONUT;9895;108;9894.0;64.0;;;9896;108;9897.0;64.0;;;9895.5;0.0
4;28200;COCONUT;9894;177;;;;;9896;122;9897.0;55.0;;;9895.0;0.0
4;28300;COCONUT;9894;125;9893.0;69.0;;;9895;125;9896.0;69.0;;;9894.5;0.0
4;28400;COCONUT;9893;141;9892.0;53.0;;;9894;141;9895.0;53.0;;;9893.5;0.0
4;28500;COCONUT;9893;102;9892.0;77.0;;;9894;102;9895.0;77.0;;;9893.5;0.0
4;28600;COCONUT;9892;124;9891.0;50.0;;;9893;130;9894.0;50.0;;;9892.5;0.0
4;28700;COCONUT;9893;138;9892.0;56.0;;;9895;194;;;;;9894.0;0.0
4;28800;COCONUT;9896;107;9895.0;57.0;;;9897;107;9898.0;57.0;;;9896.5;0.0
4;28900;COCONUT;9897;216;;;;;9899;148;9900.0;68.0;;;9898.0;0.0
4;29000;COCONUT;9898;145;9897.0;58.0;;;9899;145;9900.0;58.0;;;9898.5;0.0
4;29100;COCONUT;9899;209;;;;;9901;148;9902.0;61.0;;;9900.0;0.0
4;29200;COCONUT;9899;124;9898.0;42.0;;;9900;124;9901.0;42.0;;;9899.5;0.0
4;29300;COCONUT;9899;104;9898.0;49.0;;;9901;153;;;;;9900.0;0.0
4;29400;COCONUT;9899;122;9898.0;65.0;;;9900;122;9901.0;65.0;;;9899.5;0.0
4;29500;COCONUT;9900;102;9899.0;49.0;;;9901;102;9902.0;49.0;;;9900.5;0.0
4;29600;COCONUT;9901;129;9900.0;43.0;;;9903;172;;;;;9902.0;0.0
4;29700;COCONUT;9901;147;9900.0;55.0;;;9903;202;;;;;9902.0;0.0
4;29800;COCONUT;9902;106;9901.0;71.0;;;9904;177;;;;;9903.0;0.0
4;29900;COCONUT;9901;124;9900.0;76.0;;;9903;200;;;;;9902.0;0.0
4;30000;COCONUT;9901;115;9900.0;47.0;;;9902;115;9903.0;47.0;;;9901.5;0.0
4;30100;COCONUT;9899;183;;;;;9901;138;9902.0;45.0;;;9900.0;0.0
4;30200;COCONUT;9900;132;9899.0;42.0;;;9901;132;9902.0;42.0;;;9900.5;0.0
4;30300;COCONUT;9901;167;;;;;9903;121;9904.0;46.0;;;9902.0;0.0
4;30400;COCONUT;9901;162;;;;;9903;118;9904.0;44.0;;;9902.0;0.0
4;30500;COCONUT;9901;108;9900.0;66.0;;;9902;108;9903.0;66.0;;;9901.5;0.0
4;30600;COCONUT;9901;117;9900.0;72.0;;;9902;117;9903.0;72.0;;;9901.5;0.0
4;30700;COCONUT;9901;181;;;;;9903;106;9904.0;75.0;;;9902.0;0.0
4;30800;COCONUT;9902;113;9901.0;77.0;;;9904;181;;;;;9903.0;0.0
4;30900;COCONUT;9904;107;9903.0;79.0;;;9905;107;9906.0;79.0;;;9904.5;0.0
4;31000;COCONUT;9904;121;9903.0;52.0;;;9905;121;9906.0;52.0;;;9904.5;0.0
4;31100;COCONUT;9904;125;9903.0;75.0;;;9905;125;9906.0;75.0;;;9904.5;0.0
4;31200;COCONUT;9904;110;9903.0;51.0;;;9905;110;9906.0;51.0;;;9904.5;0.0
4;31300;COCONUT;9902;113;9901.0;54.0;;;9903;113;9904.0;54.0;;;9902.5;0.0
4;31400;COCONUT;9902;97;9901.0;77.0;;;9903;105;9904.0;77.0;;;9902.5;0.0
4;31500;COCONUT;9903;143;9902.0;79.0;;;9905;222;;;;;9904.0;0.0
4;31600;COCONUT;9902;126;9901.0;65.0;;;9903;127;9904.0;65.0;;;9902.5;0.0
4;31700;COCONUT;9901;153;;;;;9903;106;9904.0;47.0;;;9902.0;0.0
4;31800;COCONUT;9903;127;9902.0;56.0;;;9904;129;9905.0;56.0;;;9903.5;0.0
4;31900;COCONUT;9905;161;;;;;9907;161;;;;;9906.0;0.0
4;32000;COCONUT;9905;103;9904.0;76.0;;;9906;103;9907.0;76.0;;;9905.5;0.0
4;32100;COCONUT;9902;115;9901.0;76.0;;;9904;196;;;;;9903.0;0.0
4;32200;COCONUT;9902;102;9901.0;58.0;;;9903;102;9904.0;58.0;;;9902.5;0.0
4;32300;COCONUT;9901;207;;;;;9903;148;9904.0;59.0;;;9902.0;0.0
4;32400;COCONUT;9900;172;;;;;9902;109;9903.0;63.0;;;9901.0;0.0
4;32500;COCONUT;9899;190;;;;;9901;139;9902.0;51.0;;;9900.0;0.0
4;32600;COCONUT;9900;100;9899.0;53.0;;;9901;100;9902.0;53.0;;;9900.5;0.0
4;32700;COCONUT;9901;135;9900.0;78.0;;;9903;213;;;;;9902.0;0.0
4;32800;COCONUT;9899;219;;;;;9901;147;9902.0;72.0;;;9900.0;0.0
4;32900;COCONUT;9899;105;9898.0;47.0;;;9900;108;9901.0;47.0;;;9899.5;0.0
4;33000;COCONUT;9899;98;9898.0;51.0;;;9900;105;9901.0;51.0;;;9899.5;0.0
4;33100;COCONUT;9898;191;;;;;9900;114;9901.0;77.0;;;9899.0;0.0
4;33200;COCONUT;9898;114;9897.0;64.0;;;9899;114;9900.0;64.0;;;9898.5;0.0
4;33300;COCONUT;9899;139;9898.0;79.0;;;9900;149;9901.0;79.0;;;9899.5;0.0
4;33400;COCONUT;9899;150;;;;;9901;108;9902.0;42.0;;;9900.0;0.0
4;33500;COCONUT;9901;119;9900.0;47.0;;;9903;166;;;;;9902.0;0.0
4;33600;COCONUT;9901;121;9900.0;77.0;;;9903;198;;;;;9902.0;0.0
4;33700;COCONUT;9901;101;9900.0;70.0;;;9902;101;9903.0;70.0;;;9901.5;0.0
4;33800;COCONUT;9902;112;9901.0;47.0;;;9903;112;9904.0;47.0;;;9902.5;0.0
4;33900;COCONUT;9903;109;9902.0;42.0;;;9904;119;9905.0;42.0;;;9903.5;0.0
4;34000;COCONUT;9902;125;9901.0;74.0;;;9903;125;9904.0;74.0;;;9902.5;0.0
4;34100;COCONUT;9901;124;9900.0;75.0;;;9903;199;;;;;9902.0;0.0
4;34200;COCONUT;9902;150;9901.0;80.0;;;9903;150;9904.0;80.0;;;9902.5;0.0
4;34300;COCONUT;9902;115;9901.0;52.0;;;9904;167;;;;;9903.0;0.0
4;34400;COCONUT;9902;129;9901.0;47.0;;;9904;176;;;;;9903.0;0.0
4;34500;COCONUT;9902;105;9901.0;56.0;;;9904;161;;;;;9903.0;0.0
4;34600;COCONUT;9902;111;9901.0;69.0;;;9904;180;;;;;9903.0;0.0
4;34700;COCONUT;9902;122;9901.0;47.0;;;9903;122;9904.0;47.0;;;9902.5;0.0
4;34800;COCONUT;9902;182;;;;;9904;129;9905.0;53.0;;;9903.0;0.0
4;34900;COCONUT;9905;111;9904.0;52.0;;;9906;111;9907.0;52.0;;;9905.5;0.0
4;35000;COCONUT;9903;182;;;;;9905;127;9906.0;55.0;;;9904.0;0.0
4;35100;COCONUT;9903;187;;;;;9905;140;9906.0;47.0;;;9904.0;0.0
4;35200;COCONUT;9904;163;;;;;9906;103;9907.0;60.0;;;9905.0;0.0
4;35300;COCONUT;9903;172;;;;;9905;104;9906.0;68.0;;;9904.0;0.0
4;35400;COCONUT;9903;133;9902.0;48.0;;;9904;133;9905.0;48.0;;;9903.5;0.0
4;35500;COCONUT;9903;111;9902.0;60.0;;;9904;111;9905.0;60.0;;;9903.5;0.0
4;35600;COCONUT;9905;110;9904.0;46.0;;;9906;110;9907.0;46.0;;;9905.5;0.0
4;35700;COCONUT;9904;205;;;;;9906;137;9907.0;68.0;;;9905.0;0.0
4;35800;COCONUT;9906;133;9905.0;74.0;;;9907;133;9908.0;74.0;;;9906.5;0.0
4;35900;COCONUT;9909;132;9908.0;72.0;;;9910;132;9911.0;72.0;;;9909.5;0.0
4;36000;COCONUT;9911;184;;;;;9913;113;9914.0;71.0;;;9912.0;0.0
4;36100;COCONUT;9911;113;9910.0;73.0;;;9912;113;9913.0;73.0;;;9911.5;0.0
4;36200;COCONUT;9910;100;9909.0;49.0;;;9911;100;9912.0;49.0;;;9910.5;0.0
4;36300;COCONUT;9907;146;9906.0;71.0;;;9909;217;;;;;9908.0;0.0
4;36400;COCONUT;9907;101;9906.0;77.0;;;9908;101;9909.0;77.0;;;9907.5;0.0
4;36500;COCONUT;9908;201;;;;;9910;201;;;;;9909.0;0.0
4;36600;COCONUT;9908;127;9907.0;80.0;;;9909;127;9910.0;80.0;;;9908.5;0.0
4;36700;COCONUT;9906;201;;;;;9908;149;9909.0;52.0;;;9907.0;0.0
4;36800;COCONUT;9906;116;9905.0;67.0;;;9907;116;9908.0;67.0;;;9906.5;0.0
4;36900;COCONUT;9906;208;;;;;9907;8;9908.0;130.0;9909.0;78.0;9907.0;0.0
4;37000;COCONUT;9908;136;9907.0;43.0;;;9909;136;9910.0;43.0;;;9908.5;0.0
4;37100;COCONUT;9906;177;;;;;9908;137;9909.0;40.0;;;9907.0;0.0
4;37200;COCONUT;9905;137;9904.0;64.0;;;9906;137;9907.0;64.0;;;9905.5;0.0
4;37300;COCONUT;9905;129;9904.0;61.0;;;9907;190;;;;;9906.0;0.0
4;37400;COCONUT;9905;140;9904.0;43.0;;;9907;183;;;;;9906.0;0.0
4;37500;COCONUT;9906;111;9905.0;43.0;;;9907;119;9908.0;43.0;;;9906.5;0.0
4;37600;COCONUT;9905;128;9904.0;75.0;;;9906;128;9907.0;75.0;;;9905.5;0.0
4;37700;COCONUT;9905;140;9904.0;64.0;;;9907;204;;;;;9906.0;0.0
4;37800;COCONUT;9905;182;;;;;9906;7;9907.0;134.0;9908.0;48.0;9906.0;0.0
4;37900;COCONUT;9905;118;9904.0;52.0;;;9907;170;;;;;9906.0;0.0
4;38000;COCONUT;9906;199;;;;;9908;135;9909.0;64.0;;;9907.0;0.0
4;38100;COCONUT;9906;140;9905.0;71.0;;;9908;211;;;;;9907.0;0.0
4;38200;COCONUT;9907;120;9906.0;75.0;;;9908;120;9909.0;75.0;;;9907.5;0.0
4;38300;COCONUT;9906;147;9905.0;76.0;;;9908;223;;;;;9907.0;0.0
4;38400;COCONUT;9905;108;9904.0;46.0;;;9906;108;9907.0;46.0;;;9905.5;0.0
4;38500;COCONUT;9906;112;9905.0;77.0;;;9908;189;;;;;9907.0;0.0
4;38600;COCONUT;9904;136;9903.0;54.0;;;9906;190;;;;;9905.0;0.0
4;38700;COCONUT;9905;148;9904.0;80.0;;;9906;148;9907.0;80.0;;;9905.5;0.0
4;38800;COCONUT;9904;150;9903.0;61.0;;;9906;211;;;;;9905.0;0.0
4;38900;COCONUT;9905;105;9904.0;58.0;;;9906;105;9907.0;58.0;;;9905.5;0.0
4;39000;COCONUT;9904;134;9903.0;41.0;;;9906;175;;;;;9905.0;0.0
4;39100;COCONUT;9904;104;9903.0;52.0;;;9905;104;9906.0;52.0;;;9904.5;0.0
4;39200;COCONUT;9904;144;9903.0;54.0;;;9905;144;9906.0;54.0;;;9904.5;0.0
4;39300;COCONUT;9905;149;9904.0;70.0;;;9906;139;9907.0;70.0;;;9905.5;0.0
4;39400;COCONUT;9904;135;9903.0;52.0;;;9906;187;;;;;9905.0;0.0
4;39500;COCONUT;9905;9;9904.0;203.0;;;9906;149;9907.0;54.0;;;9905.0;0.0
4;39600;COCONUT;9905;134;9904.0;59.0;;;9906;134;9907.0;59.0;;;9905.5;0.0
4;39700;COCONUT;9906;131;9905.0;62.0;;;9907;131;9908.0;62.0;;;9906.5;0.0
4;39800;COCONUT;9906;120;9905.0;42.0;;;9908;162;;;;;9907.0;0.0
4;39900;COCONUT;9905;125;9904.0;48.0;;;9906;125;9907.0;48.0;;;9905.5;0.0
4;40000;COCONUT;9903;143;9902.0;73.0;;;9904;143;9905.0;73.0;;;9903.5;0.0
4;40100;COCONUT;9903;124;9902.0;78.0;;;9904;124;9905.0;78.0;;;9903.5;0.0
4;40200;COCONUT;9901;125;9900.0;66.0;;;9902;125;9903.0;66.0;;;9901.5;0.0
4;40300;COCONUT;9900;103;9899.0;57.0;;;9902;160;;;;;9901.0;0.0
4;40400;COCONUT;9900;173;;;;;9902;101;9903.0;72.0;;;9901.0;0.0
4;40500;COCONUT;9901;143;9900.0;51.0;;;9903;194;;;;;9902.0;0.0
4;40600;COCONUT;9900;120;9899.0;72.0;;;9902;192;;;;;9901.0;0.0
4;40700;COCONUT;9901;123;9900.0;58.0;;;9902;123;9903.0;58.0;;;9901.5;0.0
4;40800;COCONUT;9901;133;9900.0;53.0;;;9902;133;9903.0;53.0;;;9901.5;0.0
4;40900;COCONUT;9899;203;;;;;9901;135;9902.0;68.0;;;9900.0;0.0
4;41000;COCONUT;9900;100;9899.0;76.0;;;9901;100;9902.0;76.0;;;9900.5;0.0
4;41100;COCONUT;9902;111;9901.0;72.0;;;9903;106;9904.0;72.0;;;9902.5;0.0
4;41200;COCONUT;9901;182;;;;;9903;182;;;;;9902.0;0.0
4;41300;COCONUT;9903;135;9902.0;63.0;;;9904;135;9905.0;63.0;;;9903.5;0.0
4;41400;COCONUT;9901;129;9900.0;70.0;;;9903;199;;;;;9902.0;0.0
4;41500;COCONUT;9900;184;;;;;9902;122;9903.0;62.0;;;9901.0;0.0
4;41600;COCONUT;9901;123;9900.0;41.0;;;9902;123;9903.0;41.0;;;9901.5;0.0
4;41700;COCONUT;9900;127;9899.0;56.0;;;9902;183;;;;;9901.0;0.0
4;41800;COCONUT;9900;140;9899.0;68.0;;;9902;208;;;;;9901.0;0.0
4;41900;COCONUT;9900;118;9899.0;77.0;;;9901;118;9902.0;77.0;;;9900.5;0.0
4;42000;COCONUT;9901;141;9900.0;66.0;;;9903;207;;;;;9902.0;0.0
4;42100;COCONUT;9900;144;9899.0;65.0;;;9901;144;9902.0;65.0;;;9900.5;0.0
4;42200;COCONUT;9901;119;9900.0;57.0;;;9902;119;9903.0;57.0;;;9901.5;0.0
4;42300;COCONUT;9901;101;9900.0;61.0;;;9902;101;9903.0;61.0;;;9901.5;0.0
4;42400;COCONUT;9902;109;9901.0;60.0;;;9903;109;9904.0;60.0;;;9902.5;0.0
4;42500;COCONUT;9904;150;9903.0;58.0;;;9905;150;9906.0;58.0;;;9904.5;0.0
4;42600;COCONUT;9904;119;9903.0;44.0;;;9905;119;9906.0;44.0;;;9904.5;0.0
4;42700;COCONUT;9904;104;9903.0;46.0;;;9905;104;9906.0;46.0;;;9904.5;0.0
4;42800;COCONUT;9904;133;9903.0;41.0;;;9905;133;9906.0;41.0;;;9904.5;0.0
4;42900;COCONUT;9903;197;;;;;9905;147;9906.0;50.0;;;9904.0;0.0
4;43000;COCONUT;9903;101;9902.0;47.0;;;9904;101;9905.0;47.0;;;9903.5;0.0
4;43100;COCONUT;9901;175;;;;;9903;113;9904.0;62.0;;;9902.0;0.0
4;43200;COCONUT;9900;100;9899.0;47.0;;;9901;100;9902.0;47.0;;;9900.5;0.0
4;43300;COCONUT;9897;105;9896.0;66.0;;;9898;105;9899.0;66.0;;;9897.5;0.0
4;43400;COCONUT;9897;129;9896.0;70.0;;;9898;119;9899.0;70.0;;;9897.5;0.0
4;43500;COCONUT;9896;140;9895.0;45.0;;;9897;140;9898.0;45.0;;;9896.5;0.0
4;43600;COCONUT;9897;111;9896.0;62.0;;;9898;103;9899.0;62.0;;;9897.5;0.0
4;43700;COCONUT;9898;120;9897.0;74.0;;;9900;194;;;;;9899.0;0.0
4;43800;COCONUT;9900;100;9899.0;65.0;;;9901;100;9902.0;65.0;;;9900.5;0.0
4;43900;COCONUT;9900;103;9899.0;67.0;;;9902;170;;;;;9901.0;0.0
4;44000;COCONUT;9901;137;9900.0;65.0;;;9902;137;9903.0;65.0;;;9901.5;0.0
4;44100;COCONUT;9903;108;9902.0;64.0;;;9904;108;9905.0;64.0;;;9903.5;0.0
4;44200;COCONUT;9903;125;9902.0;42.0;;;9904;125;9905.0;42.0;;;9903.5;0.0
4;44300;COCONUT;9903;126;9902.0;47.0;;;9904;126;9905.0;47.0;;;9903.5;0.0
4;44400;COCONUT;9902;132;9901.0;67.0;;;9903;132;9904.0;67.0;;;9902.5;0.0
4;44500;COCONUT;9903;148;9902.0;67.0;;;9904;148;9905.0;67.0;;;9903.5;0.0
4;44600;COCONUT;9902;139;9901.0;72.0;;;9904;211;;;;;9903.0;0.0
4;44700;COCONUT;9903;138;9902.0;80.0;;;9905;208;;;;;9904.0;0.0
4;44800;COCONUT;9903;134;9902.0;76.0;;;9905;215;;;;;9904.0;0.0
4;44900;COCONUT;9903;111;9902.0;50.0;;;9904;111;9905.0;50.0;;;9903.5;0.0
4;45000;COCONUT;9904;115;9903.0;73.0;;;9905;115;9906.0;73.0;;;9904.5;0.0
4;45100;COCONUT;9906;100;9905.0;54.0;;;9907;100;9908.0;54.0;;;9906.5;0.0
4;45200;COCONUT;9906;125;9905.0;58.0;;;9907;135;9908.0;58.0;;;9906.5;0.0
4;45300;COCONUT;9904;118;9903.0;79.0;;;9906;197;;;;;9905.0;0.0
4;45400;COCONUT;9907;108;9906.0;68.0;;;9909;176;;;;;9908.0;0.0
4;45500;COCONUT;9908;145;9907.0;40.0;;;9910;185;;;;;9909.0;0.0
4;45600;COCONUT;9908;101;9907.0;64.0;;;9909;101;9910.0;64.0;;;9908.5;0.0
4;45700;COCONUT;9909;100;9908.0;71.0;;;9910;100;9911.0;71.0;;;9909.5;0.0
4;45800;COCONUT;9909;110;9908.0;48.0;;;9911;158;;;;;9910.0;0.0
4;45900;COCONUT;9908;145;9907.0;71.0;;;9909;145;9910.0;71.0;;;9908.5;0.0
4;46000;COCONUT;9908;128;9907.0;75.0;;;9909;128;9910.0;75.0;;;9908.5;0.0
4;46100;COCONUT;9908;113;9907.0;78.0;;;9909;113;9910.0;78.0;;;9908.5;0.0
4;46200;COCONUT;9907;189;;;;;9909;123;9910.0;66.0;;;9908.0;0.0
4;46300;COCONUT;9908;175;;;;;9910;119;9911.0;56.0;;;9909.0;0.0
4;46400;COCONUT;9909;121;9908.0;76.0;;;9910;121;9911.0;76.0;;;9909.5;0.0
4;46500;COCONUT;9909;117;9908.0;43.0;;;9910;117;9911.0;43.0;;;9909.5;0.0
4;46600;COCONUT;9910;187;;;;;9912;131;9913.0;56.0;;;9911.0;0.0
4;46700;COCONUT;9911;122;9910.0;53.0;;;9912;122;9913.0;53.0;;;9911.5;0.0
4;46800;COCONUT;9911;149;;;;;9913;104;9914.0;45.0;;;9912.0;0.0
4;46900;COCONUT;9912;129;9911.0;70.0;;;9913;129;9914.0;70.0;;;9912.5;0.0
4;47000;COCONUT;9911;170;;;;;9913;102;9914.0;68.0;;;9912.0;0.0
4;47100;COCONUT;9911;133;9910.0;58.0;;;9912;123;9913.0;58.0;;;9911.5;0.0
4;47200;COCONUT;9912;8;9911.0;172.0;;;9913;115;9914.0;57.0;;;9912.0;0.0
4;47300;COCONUT;9912;142;9911.0;46.0;;;9913;142;9914.0;46.0;;;9912.5;0.0
4;47400;COCONUT;9912;167;;;;;9914;108;9915.0;59.0;;;9913.0;0.0
4;47500;COCONUT;9910;121;9909.0;51.0;;;9912;172;;;;;9911.0;0.0
4;47600;COCONUT;9910;124;9909.0;67.0;;;9911;124;9912.0;67.0;;;9910.5;0.0
4;47700;COCONUT;9910;118;9909.0;78.0;;;9912;196;;;;;9911.0;0.0
4;47800;COCONUT;9910;189;;;;;9912;133;9913.0;56.0;;;9911.0;0.0
4;47900;COCONUT;9911;99;9910.0;59.0;;;9912;105;9913.0;59.0;;;9911.5;0.0
4;48000;COCONUT;9908;111;9907.0;52.0;;;9910;163;;;;;9909.0;0.0
4;48100;COCONUT;9908;204;;;;;9910;130;9911.0;74.0;;;9909.0;0.0
4;48200;COCONUT;9909;144;9908.0;78.0;;;9911;222;;;;;9910.0;0.0
4;48300;COCONUT;9910;132;9909.0;70.0;;;9911;132;9912.0;70.0;;;9910.5;0.0
4;48400;COCONUT;9911;146;9910.0;54.0;;;9912;146;9913.0;54.0;;;9911.5;0.0
4;48500;COCONUT;9911;106;9910.0;56.0;;;9912;106;9913.0;56.0;;;9911.5;0.0
4;48600;COCONUT;9910;111;9909.0;80.0;;;9912;191;;;;;9911.0;0.0
4;48700;COCONUT;9909;104;9908.0;67.0;;;9910;104;9911.0;67.0;;;9909.5;0.0
4;48800;COCONUT;9910;207;;;;;9912;145;9913.0;62.0;;;9911.0;0.0
4;48900;COCONUT;9912;148;9911.0;67.0;;;9913;148;9914.0;67.0;;;9912.5;0.0
4;49000;COCONUT;9912;125;9911.0;67.0;;;9913;125;9914.0;67.0;;;9912.5;0.0
4;49100;COCONUT;9912;211;;;;;9914;149;9915.0;62.0;;;9913.0;0.0
4;49200;COCONUT;9912;106;9911.0;74.0;;;9913;106;9914.0;74.0;;;9912.5;0.0
4;49300;COCONUT;9912;149;9911.0;41.0;;;9913;149;9914.0;41.0;;;9912.5;0.0
4;49400;COCONUT;9910;182;;;;;9912;127;9913.0;55.0;;;9911.0;0.0
4;49500;COCONUT;9911;216;;;;;9913;141;9914.0;75.0;;;9912.0;0.0
4;49600;COCONUT;9913;117;9912.0;60.0;;;9914;117;9915.0;60.0;;;9913.5;0.0
4;49700;COCONUT;9911;180;;;;;9913;131;9914.0;49.0;;;9912.0;0.0
4;49800;COCONUT;9912;142;9911.0;61.0;;;9914;203;;;;;9913.0;0.0
4;49900;COCONUT;9913;221;;;;;9915;150;9916.0;71.0;;;9914.0;0.0
4;50000;COCONUT;9914;103;9913.0;46.0;;;9915;103;9916.0;46.0;;;9914.5;0.0
4;50100;COCONUT;9915;142;;;;;9917;101;9918.0;41.0;;;9916.0;0.0
4;50200;COCONUT;9914;111;9913.0;75.0;;;9916;186;;;;;9915.0;0.0
4;50300;COCONUT;9914;127;9913.0;67.0;;;9916;194;;;;;9915.0;0.0
4;50400;COCONUT;9912;168;;;;;9914;116;9915.0;52.0;;;9913.0;0.0
4;50500;COCONUT;9913;124;9912.0;57.0;;;9914;114;9915.0;57.0;;;9913.5;0.0
4;50600;COCONUT;9912;159;;;;;9914;159;;;;;9913.0;0.0
4;50700;COCONUT;9910;120;9909.0;40.0;;;9912;165;;;;;9911.0;0.0
4;50800;COCONUT;9910;120;9909.0;71.0;;;9911;120;9912.0;71.0;;;9910.5;0.0
4;50900;COCONUT;9910;183;;;;;9912;117;9913.0;66.0;;;9911.0;0.0
4;51000;COCONUT;9910;112;9909.0;47.0;;;9911;112;9912.0;47.0;;;9910.5;0.0
4;51100;COCONUT;9910;109;9909.0;62.0;;;9911;109;9912.0;62.0;;;9910.5;0.0
4;51200;COCONUT;9910;119;9909.0;41.0;;;9912;160;;;;;9911.0;0.0
4;51300;COCONUT;9911;122;9910.0;68.0;;;9912;122;9913.0;68.0;;;9911.5;0.0
4;51400;COCONUT;9911;150;9910.0;68.0;;;9912;150;9913.0;68.0;;;9911.5;0.0
4;51500;COCONUT;9910;132;9909.0;79.0;;;9911;140;9912.0;79.0;;;9910.5;0.0
4;51600;COCONUT;9911;101;9910.0;53.0;;;9912;108;9913.0;53.0;;;9911.5;0.0
4;51700;COCONUT;9910;103;9909.0;56.0;;;9912;159;;;;;9911.0;0.0
4;51800;COCONUT;9909;115;9908.0;59.0;;;9910;115;9911.0;59.0;;;9909.5;0.0
4;51900;COCONUT;9909;132;9908.0;74.0;;;9910;132;9911.0;74.0;;;9909.5;0.0
4;52000;COCONUT;9911;6;9910.0;160.0;;;9912;119;9913.0;41.0;;;9911.0;0.0
4;52100;COCONUT;9911;131;9910.0;42.0;;;9913;173;;;;;9912.0;0.0
4;52200;COCONUT;9911;202;;;;;9913;127;9914.0;75.0;;;9912.0;0.0
4;52300;COCONUT;9911;125;9910.0;54.0;;;9912;125;9913.0;54.0;;;9911.5;0.0
4;52400;COCONUT;9911;146;9910.0;72.0;;;9912;146;9913.0;72.0;;;9911.5;0.0
4;52500;COCONUT;9910;129;9909.0;41.0;;;9912;170;;;;;9911.0;0.0
4;52600;COCONUT;9908;126;9907.0;66.0;;;9909;126;9910.0;66.0;;;9908.5;0.0
4;52700;COCONUT;9906;133;9905.0;48.0;;;9908;181;;;;;9907.0;0.0
4;52800;COCONUT;9906;178;;;;;9908;133;9909.0;45.0;;;9907.0;0.0
4;52900;COCONUT;9906;112;9905.0;76.0;;;9907;112;9908.0;76.0;;;9906.5;0.0
4;53000;COCONUT;9905;103;9904.0;56.0;;;9906;103;9907.0;56.0;;;9905.5;0.0
4;53100;COCONUT;9904;167;;;;;9906;108;9907.0;56.0;;;9905.0;0.0
4;53200;COCONUT;9905;139;9904.0;58.0;;;9906;139;9907.0;58.0;;;9905.5;0.0
4;53300;COCONUT;9902;115;9901.0;50.0;;;9904;157;;;;;9903.0;0.0
4;53400;COCONUT;9903;146;9902.0;58.0;;;9904;146;9905.0;58.0;;;9903.5;0.0
4;53500;COCONUT;9902;194;;;;;9904;128;9905.0;66.0;;;9903.0;0.0
4;53600;COCONUT;9902;163;;;;;9904;115;9905.0;48.0;;;9903.0;0.0
4;53700;COCONUT;9905;117;9904.0;63.0;;;9906;117;9907.0;63.0;;;9905.5;0.0
4;53800;COCONUT;9904;103;9903.0;74.0;;;9906;177;;;;;9905.0;0.0
4;53900;COCONUT;9904;127;9903.0;76.0;;;9905;136;9906.0;76.0;;;9904.5;0.0
4;54000;COCONUT;9902;112;9901.0;53.0;;;9903;112;9904.0;53.0;;;9902.5;0.0
4;54100;COCONUT;9901;122;9900.0;72.0;;;9903;194;;;;;9902.0;0.0
4;54200;COCONUT;9900;161;;;;;9902;109;9903.0;52.0;;;9901.0;0.0
4;54300;COCONUT;9901;119;9900.0;55.0;;;9902;119;9903.0;55.0;;;9901.5;0.0
4;54400;COCONUT;9901;105;9900.0;44.0;;;9902;105;9903.0;44.0;;;9901.5;0.0
4;54500;COCONUT;9902;136;9901.0;45.0;;;9903;136;9904.0;45.0;;;9902.5;0.0
4;54600;COCONUT;9902;210;;;;;9904;146;9905.0;64.0;;;9903.0;0.0
4;54700;COCONUT;9903;164;;;;;9905;105;9906.0;59.0;;;9904.0;0.0
4;54800;COCONUT;9904;115;9903.0;45.0;;;9905;115;9906.0;45.0;;;9904.5;0.0
4;54900;COCONUT;9904;151;9903.0;40.0;;;9906;181;;;;;9905.0;0.0
4;55000;COCONUT;9902;175;;;;;9904;133;9905.0;42.0;;;9903.0;0.0
4;55100;COCONUT;9901;208;;;;;9903;129;9904.0;79.0;;;9902.0;0.0
4;55200;COCONUT;9901;125;9900.0;41.0;;;9902;125;9903.0;41.0;;;9901.5;0.0
4;55300;COCONUT;9903;113;9902.0;49.0;;;9904;113;9905.0;49.0;;;9903.5;0.0
4;55400;COCONUT;9904;113;9903.0;55.0;;;9905;113;9906.0;55.0;;;9904.5;0.0
4;55500;COCONUT;9903;134;9902.0;59.0;;;9904;134;9905.0;59.0;;;9903.5;0.0
4;55600;COCONUT;9904;137;9903.0;76.0;;;9905;137;9906.0;76.0;;;9904.5;0.0
4;55700;COCONUT;9903;179;;;;;9905;179;;;;;9904.0;0.0
4;55800;COCONUT;9902;139;9901.0;79.0;;;9903;139;9904.0;79.0;;;9902.5;0.0
4;55900;COCONUT;9902;99;9901.0;67.0;;;9903;109;9904.0;67.0;;;9902.5;0.0
4;56000;COCONUT;9901;127;9900.0;45.0;;;9902;127;9903.0;45.0;;;9901.5;0.0
4;56100;COCONUT;9901;115;9900.0;67.0;;;9902;115;9903.0;67.0;;;9901.5;0.0
4;56200;COCONUT;9900;114;9899.0;60.0;;;9902;174;;;;;9901.0;0.0
4;56300;COCONUT;9900;109;9899.0;62.0;;;9901;109;9902.0;62.0;;;9900.5;0.0
4;56400;COCONUT;9900;117;9899.0;47.0;;;9901;117;9902.0;47.0;;;9900.5;0.0
4;56500;COCONUT;9898;145;9897.0;52.0;;;9900;197;;;;;9899.0;0.0
4;56600;COCONUT;9899;125;9898.0;70.0;;;9900;125;9901.0;70.0;;;9899.5;0.0
4;56700;COCONUT;9898;108;9897.0;78.0;;;9899;108;9900.0;78.0;;;9898.5;0.0
4;56800;COCONUT;9897;177;;;;;9899;110;9900.0;67.0;;;9898.0;0.0
4;56900;COCONUT;9896;145;9895.0;48.0;;;9897;145;9898.0;48.0;;;9896.5;0.0
4;57000;COCONUT;9894;174;;;;;9896;174;;;;;9895.0;0.0
4;57100;COCONUT;9894;153;9893.0;79.0;;;9895;143;9896.0;79.0;;;9894.5;0.0
4;57200;COCONUT;9893;177;;;;;9895;135;9896.0;42.0;;;9894.0;0.0
4;57300;COCONUT;9892;149;;;;;9894;105;9895.0;44.0;;;9893.0;0.0
4;57400;COCONUT;9891;209;;;;;9893;136;9894.0;73.0;;;9892.0;0.0
4;57500;COCONUT;9891;112;9890.0;79.0;;;9892;112;9893.0;79.0;;;9891.5;0.0
4;57600;COCONUT;9891;133;9890.0;64.0;;;9893;197;;;;;9892.0;0.0
4;57700;COCONUT;9891;143;9890.0;70.0;;;9892;143;9893.0;70.0;;;9891.5;0.0
4;57800;COCONUT;9891;132;9890.0;51.0;;;9892;132;9893.0;51.0;;;9891.5;0.0
4;57900;COCONUT;9892;135;9891.0;40.0;;;9894;183;;;;;9893.0;0.0
4;58000;COCONUT;9890;124;9889.0;47.0;;;9891;132;9892.0;47.0;;;9890.5;0.0
4;58100;COCONUT;9890;148;9889.0;41.0;;;9891;148;9892.0;41.0;;;9890.5;0.0
4;58200;COCONUT;9890;102;9889.0;47.0;;;9892;149;;;;;9891.0;0.0
4;58300;COCONUT;9890;112;9889.0;65.0;;;9891;112;9892.0;65.0;;;9890.5;0.0
4;58400;COCONUT;9889;145;9888.0;45.0;;;9890;145;9891.0;45.0;;;9889.5;0.0
4;58500;COCONUT;9890;124;9889.0;45.0;;;9892;169;;;;;9891.0;0.0
4;58600;COCONUT;9892;100;9891.0;56.0;;;9893;100;9894.0;56.0;;;9892.5;0.0
4;58700;COCONUT;9892;120;9891.0;56.0;;;9893;120;9894.0;56.0;;;9892.5;0.0
4;58800;COCONUT;9890;107;9889.0;72.0;;;9891;107;9892.0;72.0;;;9890.5;0.0
4;58900;COCONUT;9891;119;9890.0;51.0;;;9892;119;9893.0;51.0;;;9891.5;0.0
4;59000;COCONUT;9892;122;9891.0;58.0;;;9893;122;9894.0;58.0;;;9892.5;0.0
4;59100;COCONUT;9890;113;9889.0;54.0;;;9891;121;9892.0;54.0;;;9890.5;0.0
4;59200;COCONUT;9891;136;9890.0;56.0;;;9892;136;9893.0;56.0;;;9891.5;0.0
4;59300;COCONUT;9892;140;9891.0;64.0;;;9893;140;9894.0;64.0;;;9892.5;0.0
4;59400;COCONUT;9890;114;9889.0;79.0;;;9891;114;9892.0;79.0;;;9890.5;0.0
4;59500;COCONUT;9888;130;9887.0;46.0;;;9890;176;;;;;9889.0;0.0
4;59600;COCONUT;9887;172;;;;;9889;114;9890.0;58.0;;;9888.0;0.0
4;59700;COCONUT;9888;124;9887.0;80.0;;;9890;204;;;;;9889.0;0.0
4;59800;COCONUT;9888;112;9887.0;70.0;;;9889;112;9890.0;70.0;;;9888.5;0.0
4;59900;COCONUT;9888;145;9887.0;58.0;;;9889;145;9890.0;58.0;;;9888.5;0.0
4;60000;COCONUT;9887;125;9886.0;45.0;;;9888;125;9889.0;45.0;;;9887.5;0.0
4;60100;COCONUT;9887;192;;;;;9889;192;;;;;9888.0;0.0
4;60200;COCONUT;9888;175;;;;;9890;119;9891.0;56.0;;;9889.0;0.0
4;60300;COCONUT;9889;117;9888.0;61.0;;;9890;117;9891.0;61.0;;;9889.5;0.0
4;60400;COCONUT;9889;123;9888.0;60.0;;;9891;183;;;;;9890.0;0.0
4;60500;COCONUT;9888;103;9887.0;60.0;;;9889;103;9890.0;60.0;;;9888.5;0.0
4;60600;COCONUT;9887;134;9886.0;77.0;;;9888;134;9889.0;77.0;;;9887.5;0.0
4;60700;COCONUT;9886;215;;;;;9888;138;9889.0;77.0;;;9887.0;0.0
4;60800;COCONUT;9887;148;9886.0;65.0;;;9889;213;;;;;9888.0;0.0
4;60900;COCONUT;9888;150;9887.0;62.0;;;9889;150;9890.0;62.0;;;9888.5;0.0
4;61000;COCONUT;9889;177;;;;;9891;177;;;;;9890.0;0.0
4;61100;COCONUT;9890;129;9889.0;52.0;;;9891;129;9892.0;52.0;;;9890.5;0.0
4;61200;COCONUT;9889;146;9888.0;53.0;;;9891;199;;;;;9890.0;0.0
4;61300;COCONUT;9888;123;9887.0;42.0;;;9889;123;9890.0;42.0;;;9888.5;0.0
4;61400;COCONUT;9886;147;9885.0;75.0;;;9888;222;;;;;9887.0;0.0
4;61500;COCONUT;9885;149;9884.0;48.0;;;9886;149;9887.0;48.0;;;9885.5;0.0
4;61600;COCONUT;9887;120;9886.0;45.0;;;9888;120;9889.0;45.0;;;9887.5;0.0
4;61700;COCONUT;9887;101;9886.0;67.0;;;9888;101;9889.0;67.0;;;9887.5;0.0
4;61800;COCONUT;9886;177;;;;;9888;121;9889.0;56.0;;;9887.0;0.0
4;61900;COCONUT;9886;157;;;;;9888;157;;;;;9887.0;0.0
4;62000;COCONUT;9886;133;9885.0;55.0;;;9888;188;;;;;9887.0;0.0
4;62100;COCONUT;9885;184;;;;;9887;123;9888.0;61.0;;;9886.0;0.0
4;62200;COCONUT;9884;143;9883.0;68.0;;;9885;143;9886.0;68.0;;;9884.5;0.0
4;62300;COCONUT;9885;162;;;;;9887;113;9888.0;49.0;;;9886.0;0.0
4;62400;COCONUT;9885;107;9884.0;72.0;;;9886;107;9887.0;72.0;;;9885.5;0.0
4;62500;COCONUT;9884;132;9883.0;70.0;;;9885;132;9886.0;70.0;;;9884.5;0.0
4;62600;COCONUT;9883;112;9882.0;46.0;;;9884;112;9885.0;46.0;;;9883.5;0.0
4;62700;COCONUT;9883;131;9882.0;65.0;;;9884;131;9885.0;65.0;;;9883.5;0.0
4;62800;COCONUT;9882;129;9881.0;67.0;;;9884;196;;;;;9883.0;0.0
4;62900;COCONUT;9881;106;9880.0;71.0;;;9883;177;;;;;9882.0;0.0
4;63000;COCONUT;9880;112;9879.0;49.0;;;9881;112;9882.0;49.0;;;9880.5;0.0
4;63100;COCONUT;9881;146;9880.0;47.0;;;9883;193;;;;;9882.0;0.0
4;63200;COCONUT;9880;137;9879.0;78.0;;;9882;215;;;;;9881.0;0.0
4;63300;COCONUT;9881;111;9880.0;78.0;;;9882;111;9883.0;78.0;;;9881.5;0.0
4;63400;COCONUT;9880;164;;;;;9881;6;9882.0;115.0;9883.0;49.0;9881.0;0.0
4;63500;COCONUT;9880;131;9879.0;54.0;;;9882;185;;;;;9881.0;0.0
4;63600;COCONUT;9880;200;;;;;9882;149;9883.0;51.0;;;9881.0;0.0
4;63700;COCONUT;9879;174;;;;;9881;111;9882.0;63.0;;;9880.0;0.0
4;63800;COCONUT;9878;124;9877.0;45.0;;;9879;124;9880.0;45.0;;;9878.5;0.0
4;63900;COCONUT;9878;141;9877.0;40.0;;;9880;181;;;;;9879.0;0.0
4;64000;COCONUT;9879;124;9878.0;80.0;;;9880;124;9881.0;80.0;;;9879.5;0.0
4;64100;COCONUT;9880;149;9879.0;78.0;;;9882;221;;;;;9881.0;0.0
4;64200;COCONUT;9882;148;9881.0;43.0;;;9883;148;9884.0;43.0;;;9882.5;0.0
4;64300;COCONUT;9882;132;9881.0;62.0;;;9883;132;9884.0;62.0;;;9882.5;0.0
4;64400;COCONUT;9882;144;9881.0;50.0;;;9883;144;9884.0;50.0;;;9882.5;0.0
4;64500;COCONUT;9880;100;9879.0;63.0;;;9881;100;9882.0;63.0;;;9880.5;0.0
4;64600;COCONUT;9879;201;;;;;9881;136;9882.0;65.0;;;9880.0;0.0
4;64700;COCONUT;9880;148;9879.0;73.0;;;9882;221;;;;;9881.0;0.0
4;64800;COCONUT;9880;137;9879.0;74.0;;;9881;137;9882.0;74.0;;;9880.5;0.0
4;64900;COCONUT;9880;222;;;;;9882;143;9883.0;79.0;;;9881.0;0.0
4;65000;COCONUT;9879;110;9878.0;61.0;;;9880;110;9881.0;61.0;;;9879.5;0.0
4;65100;COCONUT;9879;196;;;;;9881;117;9882.0;79.0;;;9880.0;0.0
4;65200;COCONUT;9880;128;9879.0;47.0;;;9881;128;9882.0;47.0;;;9880.5;0.0
4;65300;COCONUT;9878;140;9877.0;65.0;;;9880;205;;;;;9879.0;0.0
4;65400;COCONUT;9878;107;9877.0;73.0;;;9880;180;;;;;9879.0;0.0
4;65500;COCONUT;9879;149;9878.0;63.0;;;9881;212;;;;;9880.0;0.0
4;65600;COCONUT;9880;145;9879.0;61.0;;;9882;206;;;;;9881.0;0.0
4;65700;COCONUT;9880;192;;;;;9882;135;9883.0;57.0;;;9881.0;0.0
4;65800;COCONUT;9880;140;9879.0;62.0;;;9882;202;;;;;9881.0;0.0
4;65900;COCONUT;9879;186;;;;;9881;186;;;;;9880.0;0.0
4;66000;COCONUT;9879;175;;;;;9881;131;9882.0;44.0;;;9880.0;0.0
4;66100;COCONUT;9881;150;9880.0;55.0;;;9882;150;9883.0;55.0;;;9881.5;0.0
4;66200;COCONUT;9881;133;9880.0;58.0;;;9883;191;;;;;9882.0;0.0
4;66300;COCONUT;9880;108;9879.0;60.0;;;9881;108;9882.0;60.0;;;9880.5;0.0
4;66400;COCONUT;9880;215;;;;;9882;145;9883.0;70.0;;;9881.0;0.0
4;66500;COCONUT;9880;221;;;;;9882;150;9883.0;71.0;;;9881.0;0.0
4;66600;COCONUT;9880;186;;;;;9882;124;9883.0;62.0;;;9881.0;0.0
4;66700;COCONUT;9879;102;9878.0;54.0;;;9880;102;9881.0;54.0;;;9879.5;0.0
4;66800;COCONUT;9879;125;9878.0;61.0;;;9880;125;9881.0;61.0;;;9879.5;0.0
4;66900;COCONUT;9878;188;;;;;9880;142;9881.0;46.0;;;9879.0;0.0
4;67000;COCONUT;9877;213;;;;;9878;5;9879.0;136.0;9880.0;77.0;9878.0;0.0
4;67100;COCONUT;9876;147;9875.0;75.0;;;9877;147;9878.0;75.0;;;9876.5;0.0
4;67200;COCONUT;9875;98;9874.0;53.0;;;9876;105;9877.0;53.0;;;9875.5;0.0
4;67300;COCONUT;9876;182;;;;;9878;113;9879.0;69.0;;;9877.0;0.0
4;67400;COCONUT;9877;127;9876.0;43.0;;;9878;127;9879.0;43.0;;;9877.5;0.0
4;67500;COCONUT;9877;124;9876.0;41.0;;;9879;175;;;;;9878.0;0.0
4;67600;COCONUT;9876;115;9875.0;40.0;;;9878;155;;;;;9877.0;0.0
4;67700;COCONUT;9877;122;9876.0;67.0;;;9878;122;9879.0;67.0;;;9877.5;0.0
4;67800;COCONUT;9878;112;9877.0;72.0;;;9879;107;9880.0;72.0;;;9878.5;0.0
4;67900;COCONUT;9877;145;9876.0;43.0;;;9879;188;;;;;9878.0;0.0
4;68000;COCONUT;9878;100;9877.0;74.0;;;9879;100;9880.0;74.0;;;9878.5;0.0
4;68100;COCONUT;9876;183;;;;;9878;106;9879.0;77.0;;;9877.0;0.0
4;68200;COCONUT;9876;150;9875.0;40.0;;;9877;150;9878.0;40.0;;;9876.5;0.0
4;68300;COCONUT;9876;148;9875.0;54.0;;;9878;202;;;;;9877.0;0.0
4;68400;COCONUT;9876;199;;;;;9878;125;9879.0;74.0;;;9877.0;0.0
4;68500;COCONUT;9876;121;9875.0;51.0;;;9877;122;9878.0;51.0;;;9876.5;0.0
4;68600;COCONUT;9876;126;9875.0;46.0;;;9877;126;9878.0;46.0;;;9876.5;0.0
4;68700;COCONUT;9875;126;9874.0;59.0;;;9876;126;9877.0;59.0;;;9875.5;0.0
4;68800;COCONUT;9874;102;9873.0;78.0;;;9875;102;9876.0;78.0;;;9874.5;0.0
4;68900;COCONUT;9875;123;9874.0;50.0;;;9876;123;9877.0;50.0;;;9875.5;0.0
4;69000;COCONUT;9876;119;9875.0;45.0;;;9877;119;9878.0;45.0;;;9876.5;0.0
4;69100;COCONUT;9877;119;9876.0;52.0;;;9879;171;;;;;9878.0;0.0
4;69200;COCONUT;9878;214;;;;;9880;138;9881.0;76.0;;;9879.0;0.0
4;69300;COCONUT;9879;105;9878.0;80.0;;;9880;111;9881.0;80.0;;;9879.5;0.0
4;69400;COCONUT;9879;110;9878.0;71.0;;;9881;181;;;;;9880.0;0.0
4;69500;COCONUT;9880;132;9879.0;65.0;;;9881;126;9882.0;65.0;;;9880.5;0.0
4;69600;COCONUT;9880;110;9879.0;53.0;;;9881;110;9882.0;53.0;;;9880.5;0.0
4;69700;COCONUT;9880;140;9879.0;80.0;;;9881;148;9882.0;80.0;;;9880.5;0.0
4;69800;COCONUT;9879;134;9878.0;45.0;;;9880;134;9881.0;45.0;;;9879.5;0.0
4;69900;COCONUT;9881;109;9880.0;50.0;;;9882;109;9883.0;50.0;;;9881.5;0.0
4;70000;COCONUT;9881;193;;;;;9883;132;9884.0;61.0;;;9882.0;0.0
4;70100;COCONUT;9881;142;9880.0;54.0;;;9883;196;;;;;9882.0;0.0
4;70200;COCONUT;9882;138;9881.0;77.0;;;9883;143;9884.0;77.0;;;9882.5;0.0
4;70300;COCONUT;9881;128;9880.0;58.0;;;9882;128;9883.0;58.0;;;9881.5;0.0
4;70400;COCONUT;9882;138;9881.0;45.0;;;9884;183;;;;;9883.0;0.0
4;70500;COCONUT;9883;116;9882.0;54.0;;;9885;170;;;;;9884.0;0.0
4;70600;COCONUT;9884;103;9883.0;41.0;;;9885;103;9886.0;41.0;;;9884.5;0.0
4;70700;COCONUT;9881;132;9880.0;43.0;;;9883;175;;;;;9882.0;0.0
4;70800;COCONUT;9884;125;9883.0;43.0;;;9885;125;9886.0;43.0;;;9884.5;0.0
4;70900;COCONUT;9883;133;9882.0;74.0;;;9884;133;9885.0;74.0;;;9883.5;0.0
4;71000;COCONUT;9884;142;9883.0;77.0;;;9886;219;;;;;9885.0;0.0
4;71100;COCONUT;9884;143;9883.0;73.0;;;9885;143;9886.0;73.0;;;9884.5;0.0
4;71200;COCONUT;9882;124;9881.0;45.0;;;9883;124;9884.0;45.0;;;9882.5;0.0
4;71300;COCONUT;9880;140;9879.0;61.0;;;9882;201;;;;;9881.0;0.0
4;71400;COCONUT;9879;163;;;;;9881;111;9882.0;52.0;;;9880.0;0.0
4;71500;COCONUT;9879;134;9878.0;63.0;;;9880;134;9881.0;63.0;;;9879.5;0.0
4;71600;COCONUT;9879;174;;;;;9881;132;9882.0;42.0;;;9880.0;0.0
4;71700;COCONUT;9879;145;9878.0;76.0;;;9881;221;;;;;9880.0;0.0
4;71800;COCONUT;9881;136;9880.0;77.0;;;9882;136;9883.0;77.0;;;9881.5;0.0
4;71900;COCONUT;9880;138;9879.0;63.0;;;9881;138;9882.0;63.0;;;9880.5;0.0
4;72000;COCONUT;9879;112;9878.0;64.0;;;9880;112;9881.0;64.0;;;9879.5;0.0
4;72100;COCONUT;9879;142;9878.0;44.0;;;9880;142;9881.0;44.0;;;9879.5;0.0
4;72200;COCONUT;9879;147;9878.0;50.0;;;9881;191;;;;;9880.0;0.0
4;72300;COCONUT;9880;105;9879.0;78.0;;;9881;105;9882.0;78.0;;;9880.5;0.0
4;72400;COCONUT;9878;156;;;;;9880;110;9881.0;46.0;;;9879.0;0.0
4;72500;COCONUT;9879;106;9878.0;79.0;;;9880;115;9881.0;79.0;;;9879.5;0.0
4;72600;COCONUT;9879;144;9878.0;55.0;;;9880;144;9881.0;55.0;;;9879.5;0.0
4;72700;COCONUT;9879;220;;;;;9880;8;9881.0;146.0;9882.0;74.0;9880.0;0.0
4;72800;COCONUT;9880;141;9879.0;69.0;;;9881;141;9882.0;69.0;;;9880.5;0.0
4;72900;COCONUT;9880;149;9879.0;58.0;;;9882;207;;;;;9881.0;0.0
4;73000;COCONUT;9879;190;;;;;9881;128;9882.0;62.0;;;9880.0;0.0
4;73100;COCONUT;9881;127;9880.0;62.0;;;9882;127;9883.0;62.0;;;9881.5;0.0
4;73200;COCONUT;9881;144;9880.0;49.0;;;9882;144;9883.0;49.0;;;9881.5;0.0
4;73300;COCONUT;9881;161;;;;;9883;104;9884.0;57.0;;;9882.0;0.0
4;73400;COCONUT;9881;117;9880.0;56.0;;;9882;117;9883.0;56.0;;;9881.5;0.0
4;73500;COCONUT;9878;112;9877.0;49.0;;;9880;161;;;;;9879.0;0.0
4;73600;COCONUT;9879;104;9878.0;64.0;;;9880;104;9881.0;64.0;;;9879.5;0.0
4;73700;COCONUT;9879;112;9878.0;72.0;;;9880;112;9881.0;72.0;;;9879.5;0.0
4;73800;COCONUT;9880;222;;;;;9882;145;9883.0;77.0;;;9881.0;0.0
4;73900;COCONUT;9879;155;;;;;9881;105;9882.0;50.0;;;9880.0;0.0
4;74000;COCONUT;9879;143;9878.0;60.0;;;9880;143;9881.0;60.0;;;9879.5;0.0
4;74100;COCONUT;9879;186;;;;;9881;111;9882.0;75.0;;;9880.0;0.0
4;74200;COCONUT;9878;145;9877.0;43.0;;;9880;188;;;;;9879.0;0.0
4;74300;COCONUT;9876;215;;;;;9878;142;9879.0;73.0;;;9877.0;0.0
4;74400;COCONUT;9876;105;9875.0;76.0;;;9877;105;9878.0;76.0;;;9876.5;0.0
4;74500;COCONUT;9876;179;;;;;9878;114;9879.0;65.0;;;9877.0;0.0
4;74600;COCONUT;9877;130;9876.0;76.0;;;9879;206;;;;;9878.0;0.0
4;74700;COCONUT;9877;141;9876.0;65.0;;;9878;141;9879.0;65.0;;;9877.5;0.0
4;74800;COCONUT;9879;127;9878.0;47.0;;;9880;127;9881.0;47.0;;;9879.5;0.0
4;74900;COCONUT;9879;176;;;;;9881;135;9882.0;41.0;;;9880.0;0.0
4;75000;COCONUT;9879;106;9878.0;71.0;;;9880;106;9881.0;71.0;;;9879.5;0.0
4;75100;COCONUT;9879;135;9878.0;47.0;;;9880;135;9881.0;47.0;;;9879.5;0.0
4;75200;COCONUT;9879;110;9878.0;47.0;;;9880;110;9881.0;47.0;;;9879.5;0.0
4;75300;COCONUT;9879;133;9878.0;61.0;;;9881;194;;;;;9880.0;0.0
4;75400;COCONUT;9880;124;9879.0;49.0;;;9881;124;9882.0;49.0;;;9880.5;0.0
4;75500;COCONUT;9883;139;9882.0;79.0;;;9884;139;9885.0;79.0;;;9883.5;0.0
4;75600;COCONUT;9883;119;9882.0;60.0;;;9884;125;9885.0;60.0;;;9883.5;0.0
4;75700;COCONUT;9884;213;;;;;9886;141;9887.0;72.0;;;9885.0;0.0
4;75800;COCONUT;9885;122;9884.0;53.0;;;9887;175;;;;;9886.0;0.0
4;75900;COCONUT;9884;136;9883.0;43.0;;;9885;145;9886.0;43.0;;;9884.5;0.0
4;76000;COCONUT;9883;142;9882.0;54.0;;;9885;196;;;;;9884.0;0.0
4;76100;COCONUT;9884;8;9883.0;212.0;;;9885;136;9886.0;76.0;;;9884.0;0.0
4;76200;COCONUT;9883;111;9882.0;52.0;;;9884;111;9885.0;52.0;;;9883.5;0.0
4;76300;COCONUT;9881;102;9880.0;80.0;;;9883;182;;;;;9882.0;0.0
4;76400;COCONUT;9880;198;;;;;9882;129;9883.0;69.0;;;9881.0;0.0
4;76500;COCONUT;9879;203;;;;;9881;126;9882.0;77.0;;;9880.0;0.0
4;76600;COCONUT;9880;124;9879.0;48.0;;;9881;124;9882.0;48.0;;;9880.5;0.0
4;76700;COCONUT;9880;110;9879.0;63.0;;;9881;110;9882.0;63.0;;;9880.5;0.0
4;76800;COCONUT;9881;109;9880.0;61.0;;;9882;109;9883.0;61.0;;;9881.5;0.0
4;76900;COCONUT;9881;100;9880.0;40.0;;;9882;100;9883.0;40.0;;;9881.5;0.0
4;77000;COCONUT;9879;122;9878.0;54.0;;;9881;176;;;;;9880.0;0.0
4;77100;COCONUT;9879;167;;;;;9881;110;9882.0;57.0;;;9880.0;0.0
4;77200;COCONUT;9882;101;9881.0;63.0;;;9883;101;9884.0;63.0;;;9882.5;0.0
4;77300;COCONUT;9881;144;9880.0;44.0;;;9883;179;;;;;9882.0;0.0
4;77400;COCONUT;9881;132;9880.0;69.0;;;9882;132;9883.0;69.0;;;9881.5;0.0
4;77500;COCONUT;9881;121;9880.0;65.0;;;9883;195;;;;;9882.0;0.0
4;77600;COCONUT;9882;114;9881.0;71.0;;;9883;114;9884.0;71.0;;;9882.5;0.0
4;77700;COCONUT;9882;134;9881.0;77.0;;;9883;134;9884.0;77.0;;;9882.5;0.0
4;77800;COCONUT;9880;153;9879.0;66.0;;;9881;148;9882.0;66.0;;;9880.5;0.0
4;77900;COCONUT;9878;178;;;;;9880;106;9881.0;72.0;;;9879.0;0.0
4;78000;COCONUT;9878;184;;;;;9880;107;9881.0;77.0;;;9879.0;0.0
4;78100;COCONUT;9879;178;;;;;9881;106;9882.0;72.0;;;9880.0;0.0
4;78200;COCONUT;9878;150;;;;;9880;104;9881.0;46.0;;;9879.0;0.0
4;78300;COCONUT;9878;118;9877.0;59.0;;;9879;118;9880.0;59.0;;;9878.5;0.0
4;78400;COCONUT;9877;116;9876.0;43.0;;;9879;159;;;;;9878.0;0.0
4;78500;COCONUT;9878;132;9877.0;62.0;;;9880;194;;;;;9879.0;0.0
4;78600;COCONUT;9877;223;;;;;9879;223;;;;;9878.0;0.0
4;78700;COCONUT;9877;150;9876.0;47.0;;;9879;197;;;;;9878.0;0.0
4;78800;COCONUT;9877;189;;;;;9879;148;9880.0;41.0;;;9878.0;0.0
4;78900;COCONUT;9877;107;9876.0;64.0;;;9879;171;;;;;9878.0;0.0
4;79000;COCONUT;9878;132;9877.0;58.0;;;9879;132;9880.0;58.0;;;9878.5;0.0
4;79100;COCONUT;9877;148;9876.0;79.0;;;9879;227;;;;;9878.0;0.0
4;79200;COCONUT;9877;115;9876.0;61.0;;;9878;115;9879.0;61.0;;;9877.5;0.0
4;79300;COCONUT;9876;165;;;;;9878;103;9879.0;62.0;;;9877.0;0.0
4;79400;COCONUT;9877;114;9876.0;41.0;;;9879;155;;;;;9878.0;0.0
4;79500;COCONUT;9877;133;9876.0;41.0;;;9879;174;;;;;9878.0;0.0
4;79600;COCONUT;9877;117;9876.0;55.0;;;9879;172;;;;;9878.0;0.0
4;79700;COCONUT;9877;117;9876.0;48.0;;;9878;117;9879.0;48.0;;;9877.5;0.0
4;79800;COCONUT;9877;108;9876.0;70.0;;;9878;108;9879.0;70.0;;;9877.5;0.0
4;79900;COCONUT;9876;159;;;;;9878;118;9879.0;41.0;;;9877.0;0.0
4;80000;COCONUT;9877;104;9876.0;74.0;;;9879;178;;;;;9878.0;0.0
4;80100;COCONUT;9878;187;;;;;9880;119;9881.0;68.0;;;9879.0;0.0
4;80200;COCONUT;9877;139;9876.0;42.0;;;9878;144;9879.0;42.0;;;9877.5;0.0
4;80300;COCONUT;9876;202;;;;;9878;147;9879.0;55.0;;;9877.0;0.0
4;80400;COCONUT;9879;209;;;;;9881;146;9882.0;63.0;;;9880.0;0.0
4;80500;COCONUT;9879;173;;;;;9881;117;9882.0;56.0;;;9880.0;0.0
4;80600;COCONUT;9881;129;9880.0;49.0;;;9882;129;9883.0;49.0;;;9881.5;0.0
4;80700;COCONUT;9881;139;9880.0;43.0;;;9882;139;9883.0;43.0;;;9881.5;0.0
4;80800;COCONUT;9880;110;9879.0;69.0;;;9882;187;;;;;9881.0;0.0
4;80900;COCONUT;9878;206;;;;;9879;8;9880.0;127.0;9881.0;79.0;9879.0;0.0
4;81000;COCONUT;9877;194;;;;;9879;137;9880.0;57.0;;;9878.0;0.0
4;81100;COCONUT;9879;149;9878.0;79.0;;;9880;149;9881.0;79.0;;;9879.5;0.0
4;81200;COCONUT;9880;103;9879.0;56.0;;;9882;159;;;;;9881.0;0.0
4;81300;COCONUT;9880;5;9879.0;172.0;;;9881;127;9882.0;45.0;;;9880.0;0.0
4;81400;COCONUT;9877;135;9876.0;78.0;;;9879;204;;;;;9878.0;0.0
4;81500;COCONUT;9876;212;;;;;9878;135;9879.0;77.0;;;9877.0;0.0
4;81600;COCONUT;9876;123;9875.0;70.0;;;9877;123;9878.0;70.0;;;9876.5;0.0
4;81700;COCONUT;9875;133;9874.0;62.0;;;9876;133;9877.0;62.0;;;9875.5;0.0
4;81800;COCONUT;9875;201;;;;;9877;147;9878.0;54.0;;;9876.0;0.0
4;81900;COCONUT;9875;129;9874.0;67.0;;;9876;129;9877.0;67.0;;;9875.5;0.0
4;82000;COCONUT;9875;123;9874.0;58.0;;;9876;123;9877.0;58.0;;;9875.5;0.0
4;82100;COCONUT;9874;129;9873.0;78.0;;;9875;129;9876.0;78.0;;;9874.5;0.0
4;82200;COCONUT;9873;107;9872.0;68.0;;;9875;175;;;;;9874.0;0.0
4;82300;COCONUT;9874;135;9873.0;60.0;;;9875;132;9876.0;60.0;;;9874.5;0.0
4;82400;COCONUT;9873;150;9872.0;72.0;;;9874;150;9875.0;72.0;;;9873.5;0.0
4;82500;COCONUT;9872;130;9871.0;66.0;;;9874;196;;;;;9873.0;0.0
4;82600;COCONUT;9872;174;;;;;9874;128;9875.0;46.0;;;9873.0;0.0
4;82700;COCONUT;9870;158;9869.0;65.0;;;9871;149;9872.0;65.0;;;9870.5;0.0
4;82800;COCONUT;9871;170;;;;;9873;124;9874.0;46.0;;;9872.0;0.0
4;82900;COCONUT;9870;135;9869.0;63.0;;;9871;135;9872.0;63.0;;;9870.5;0.0
4;83000;COCONUT;9872;140;9871.0;77.0;;;9874;217;;;;;9873.0;0.0
4;83100;COCONUT;9872;111;9871.0;42.0;;;9873;111;9874.0;42.0;;;9872.5;0.0
4;83200;COCONUT;9872;162;;;;;9873;8;9874.0;116.0;9875.0;46.0;9873.0;0.0
4;83300;COCONUT;9872;143;9871.0;54.0;;;9873;143;9874.0;54.0;;;9872.5;0.0
4;83400;COCONUT;9871;140;9870.0;78.0;;;9873;218;;;;;9872.0;0.0
4;83500;COCONUT;9872;147;9871.0;60.0;;;9873;147;9874.0;60.0;;;9872.5;0.0
4;83600;COCONUT;9872;5;9871.0;193.0;;;9873;142;9874.0;51.0;;;9872.0;0.0
4;83700;COCONUT;9872;131;9871.0;48.0;;;9873;131;9874.0;48.0;;;9872.5;0.0
4;83800;COCONUT;9872;213;;;;;9874;138;9875.0;75.0;;;9873.0;0.0
4;83900;COCONUT;9872;130;9871.0;45.0;;;9874;175;;;;;9873.0;0.0
4;84000;COCONUT;9871;113;9870.0;44.0;;;9872;104;9873.0;44.0;;;9871.5;0.0
4;84100;COCONUT;9869;206;;;;;9871;140;9872.0;66.0;;;9870.0;0.0
4;84200;COCONUT;9870;124;9869.0;44.0;;;9871;124;9872.0;44.0;;;9870.5;0.0
4;84300;COCONUT;9869;127;9868.0;72.0;;;9870;127;9871.0;72.0;;;9869.5;0.0
4;84400;COCONUT;9871;116;9870.0;46.0;;;9872;116;9873.0;46.0;;;9871.5;0.0
4;84500;COCONUT;9871;112;9870.0;47.0;;;9872;112;9873.0;47.0;;;9871.5;0.0
4;84600;COCONUT;9871;145;9870.0;45.0;;;9872;145;9873.0;45.0;;;9871.5;0.0
4;84700;COCONUT;9872;119;9871.0;80.0;;;9873;119;9874.0;80.0;;;9872.5;0.0
4;84800;COCONUT;9872;107;9871.0;54.0;;;9873;107;9874.0;54.0;;;9872.5;0.0
4;84900;COCONUT;9873;123;9872.0;57.0;;;9875;180;;;;;9874.0;0.0
4;85000;COCONUT;9871;177;;;;;9873;102;9874.0;75.0;;;9872.0;0.0
4;85100;COCONUT;9873;130;9872.0;68.0;;;9874;130;9875.0;68.0;;;9873.5;0.0
4;85200;COCONUT;9873;149;9872.0;58.0;;;9874;149;9875.0;58.0;;;9873.5;0.0
4;85300;COCONUT;9873;117;9872.0;45.0;;;9875;162;;;;;9874.0;0.0
4;85400;COCONUT;9873;140;9872.0;56.0;;;9875;196;;;;;9874.0;0.0
4;85500;COCONUT;9873;201;;;;;9875;124;9876.0;77.0;;;9874.0;0.0
4;85600;COCONUT;9873;181;;;;;9875;129;9876.0;52.0;;;9874.0;0.0
4;85700;COCONUT;9874;113;9873.0;61.0;;;9876;174;;;;;9875.0;0.0
4;85800;COCONUT;9873;123;9872.0;68.0;;;9874;129;9875.0;68.0;;;9873.5;0.0
4;85900;COCONUT;9872;140;9871.0;59.0;;;9874;199;;;;;9873.0;0.0
4;86000;COCONUT;9873;145;9872.0;78.0;;;9874;145;9875.0;78.0;;;9873.5;0.0
4;86100;COCONUT;9872;198;;;;;9874;198;;;;;9873.0;0.0
4;86200;COCONUT;9872;184;;;;;9874;107;9875.0;77.0;;;9873.0;0.0
4;86300;COCONUT;9872;144;9871.0;43.0;;;9873;144;9874.0;43.0;;;9872.5;0.0
4;86400;COCONUT;9871;120;9870.0;47.0;;;9872;120;9873.0;47.0;;;9871.5;0.0
4;86500;COCONUT;9870;114;9869.0;48.0;;;9871;114;9872.0;48.0;;;9870.5;0.0
4;86600;COCONUT;9869;110;9868.0;68.0;;;9870;110;9871.0;68.0;;;9869.5;0.0
4;86700;COCONUT;9870;107;9869.0;63.0;;;9871;107;9872.0;63.0;;;9870.5;0.0
4;86800;COCONUT;9869;116;9868.0;46.0;;;9870;116;9871.0;46.0;;;9869.5;0.0
4;86900;COCONUT;9868;110;9867.0;47.0;;;9870;164;;;;;9869.0;0.0
4;87000;COCONUT;9866;219;;;;;9868;148;9869.0;71.0;;;9867.0;0.0
4;87100;COCONUT;9866;102;9865.0;56.0;;;9867;102;9868.0;56.0;;;9866.5;0.0
4;87200;COCONUT;9866;149;9865.0;57.0;;;9868;206;;;;;9867.0;0.0
4;87300;COCONUT;9866;129;9865.0;72.0;;;9868;201;;;;;9867.0;0.0
4;87400;COCONUT;9866;195;;;;;9867;7;9868.0;143.0;9869.0;52.0;9867.0;0.0
4;87500;COCONUT;9867;160;;;;;9869;105;9870.0;55.0;;;9868.0;0.0
4;87600;COCONUT;9866;120;9865.0;80.0;;;9868;200;;;;;9867.0;0.0
4;87700;COCONUT;9866;129;9865.0;79.0;;;9867;129;9868.0;79.0;;;9866.5;0.0
4;87800;COCONUT;9867;139;9866.0;51.0;;;9868;139;9869.0;51.0;;;9867.5;0.0
4;87900;COCONUT;9867;126;9866.0;46.0;;;9868;126;9869.0;46.0;;;9867.5;0.0
4;88000;COCONUT;9867;179;;;;;9869;100;9870.0;79.0;;;9868.0;0.0
4;88100;COCONUT;9867;1;9866.0;138.0;9865.0;54.0;9868;192;;;;;9867.0;0.0
4;88200;COCONUT;9865;146;9864.0;54.0;;;9866;146;9867.0;54.0;;;9865.5;0.0
4;88300;COCONUT;9864;135;9863.0;69.0;;;9865;135;9866.0;69.0;;;9864.5;0.0
4;88400;COCONUT;9865;116;9864.0;76.0;;;9866;116;9867.0;76.0;;;9865.5;0.0
4;88500;COCONUT;9866;198;;;;;9868;120;9869.0;78.0;;;9867.0;0.0
4;88600;COCONUT;9868;6;9867.0;187.0;;;9869;124;9870.0;63.0;;;9868.0;0.0
4;88700;COCONUT;9868;167;;;;;9870;117;9871.0;50.0;;;9869.0;0.0
4;88800;COCONUT;9869;143;9868.0;76.0;;;9871;219;;;;;9870.0;0.0
4;88900;COCONUT;9871;130;9870.0;65.0;;;9872;130;9873.0;65.0;;;9871.5;0.0
4;89000;COCONUT;9873;129;9872.0;60.0;;;9874;129;9875.0;60.0;;;9873.5;0.0
4;89100;COCONUT;9874;150;9873.0;54.0;;;9875;150;9876.0;54.0;;;9874.5;0.0
4;89200;COCONUT;9874;150;;;;;9876;107;9877.0;43.0;;;9875.0;0.0
4;89300;COCONUT;9875;136;9874.0;71.0;;;9876;136;9877.0;71.0;;;9875.5;0.0
4;89400;COCONUT;9875;192;;;;;9877;192;;;;;9876.0;0.0
4;89500;COCONUT;9876;192;;;;;9878;130;9879.0;62.0;;;9877.0;0.0
4;89600;COCONUT;9875;133;9874.0;75.0;;;9876;133;9877.0;75.0;;;9875.5;0.0
4;89700;COCONUT;9875;121;9874.0;58.0;;;9876;121;9877.0;58.0;;;9875.5;0.0
4;89800;COCONUT;9873;112;9872.0;76.0;;;9874;112;9875.0;76.0;;;9873.5;0.0
4;89900;COCONUT;9873;107;9872.0;58.0;;;9874;107;9875.0;58.0;;;9873.5;0.0
4;90000;COCONUT;9872;150;9871.0;56.0;;;9873;150;9874.0;56.0;;;9872.5;0.0
4;90100;COCONUT;9872;115;9871.0;47.0;;;9873;115;9874.0;47.0;;;9872.5;0.0
4;90200;COCONUT;9873;118;9872.0;50.0;;;9874;118;9875.0;50.0;;;9873.5;0.0
4;90300;COCONUT;9872;100;9871.0;74.0;;;9874;174;;;;;9873.0;0.0
4;90400;COCONUT;9873;137;9872.0;54.0;;;9874;137;9875.0;54.0;;;9873.5;0.0
4;90500;COCONUT;9874;144;9873.0;71.0;;;9875;138;9876.0;71.0;;;9874.5;0.0
4;90600;COCONUT;9873;131;9872.0;47.0;;;9874;131;9875.0;47.0;;;9873.5;0.0
4;90700;COCONUT;9872;138;9871.0;51.0;;;9873;138;9874.0;51.0;;;9872.5;0.0
4;90800;COCONUT;9873;127;9872.0;40.0;;;9874;127;9875.0;40.0;;;9873.5;0.0
4;90900;COCONUT;9875;119;9874.0;43.0;;;9876;119;9877.0;43.0;;;9875.5;0.0
4;91000;COCONUT;9874;140;9873.0;55.0;;;9876;195;;;;;9875.0;0.0
4;91100;COCONUT;9874;201;;;;;9876;123;9877.0;78.0;;;9875.0;0.0
4;91200;COCONUT;9877;130;9876.0;57.0;;;9879;187;;;;;9878.0;0.0
4;91300;COCONUT;9877;166;;;;;9879;105;9880.0;61.0;;;9878.0;0.0
4;91400;COCONUT;9878;135;9877.0;78.0;;;9879;135;9880.0;78.0;;;9878.5;0.0
4;91500;COCONUT;9877;139;9876.0;75.0;;;9879;214;;;;;9878.0;0.0
4;91600;COCONUT;9877;100;9876.0;54.0;;;9878;100;9879.0;54.0;;;9877.5;0.0
4;91700;COCONUT;9877;209;;;;;9879;145;9880.0;64.0;;;9878.0;0.0
4;91800;COCONUT;9877;119;9876.0;77.0;;;9879;196;;;;;9878.0;0.0
4;91900;COCONUT;9877;139;9876.0;57.0;;;9879;196;;;;;9878.0;0.0
4;92000;COCONUT;9876;192;;;;;9878;129;9879.0;63.0;;;9877.0;0.0
4;92100;COCONUT;9876;125;9875.0;76.0;;;9877;125;9878.0;76.0;;;9876.5;0.0
4;92200;COCONUT;9877;109;9876.0;57.0;;;9878;109;9879.0;57.0;;;9877.5;0.0
4;92300;COCONUT;9876;137;9875.0;61.0;;;9877;137;9878.0;61.0;;;9876.5;0.0
4;92400;COCONUT;9877;126;9876.0;64.0;;;9879;190;;;;;9878.0;0.0
4;92500;COCONUT;9878;132;9877.0;46.0;;;9879;132;9880.0;46.0;;;9878.5;0.0
4;92600;COCONUT;9879;121;9878.0;74.0;;;9880;121;9881.0;74.0;;;9879.5;0.0
4;92700;COCONUT;9879;187;;;;;9881;136;9882.0;51.0;;;9880.0;0.0
4;92800;COCONUT;9881;136;9880.0;53.0;;;9882;136;9883.0;53.0;;;9881.5;0.0
4;92900;COCONUT;9880;118;9879.0;50.0;;;9882;168;;;;;9881.0;0.0
4;93000;COCONUT;9880;109;9879.0;60.0;;;9881;101;9882.0;60.0;;;9880.5;0.0
4;93100;COCONUT;9879;133;9878.0;43.0;;;9880;133;9881.0;43.0;;;9879.5;0.0
4;93200;COCONUT;9879;194;;;;;9881;148;9882.0;46.0;;;9880.0;0.0
4;93300;COCONUT;9879;149;9878.0;74.0;;;9880;149;9881.0;74.0;;;9879.5;0.0
4;93400;COCONUT;9879;124;9878.0;68.0;;;9881;192;;;;;9880.0;0.0
4;93500;COCONUT;9879;120;9878.0;49.0;;;9880;120;9881.0;49.0;;;9879.5;0.0
4;93600;COCONUT;9879;196;;;;;9881;141;9882.0;55.0;;;9880.0;0.0
4;93700;COCONUT;9879;149;9878.0;53.0;;;9880;149;9881.0;53.0;;;9879.5;0.0
4;93800;COCONUT;9879;138;9878.0;62.0;;;9881;200;;;;;9880.0;0.0
4;93900;COCONUT;9879;133;9878.0;57.0;;;9881;190;;;;;9880.0;0.0
4;94000;COCONUT;9879;122;9878.0;50.0;;;9880;122;9881.0;50.0;;;9879.5;0.0
4;94100;COCONUT;9878;146;9877.0;71.0;;;9880;217;;;;;9879.0;0.0
4;94200;COCONUT;9878;121;9877.0;66.0;;;9879;121;9880.0;66.0;;;9878.5;0.0
4;94300;COCONUT;9878;100;9877.0;49.0;;;9879;100;9880.0;49.0;;;9878.5;0.0
4;94400;COCONUT;9879;117;9878.0;69.0;;;9881;193;;;;;9880.0;0.0
4;94500;COCONUT;9878;116;9877.0;53.0;;;9879;116;9880.0;53.0;;;9878.5;0.0
4;94600;COCONUT;9877;155;;;;;9879;112;9880.0;43.0;;;9878.0;0.0
4;94700;COCONUT;9878;129;9877.0;63.0;;;9879;129;9880.0;63.0;;;9878.5;0.0
4;94800;COCONUT;9877;156;;;;;9879;104;9880.0;52.0;;;9878.0;0.0
4;94900;COCONUT;9878;142;9877.0;60.0;;;9879;142;9880.0;60.0;;;9878.5;0.0
4;95000;COCONUT;9879;122;9878.0;78.0;;;9880;122;9881.0;78.0;;;9879.5;0.0
4;95100;COCONUT;9877;120;9876.0;62.0;;;9879;182;;;;;9878.0;0.0
4;95200;COCONUT;9878;168;;;;;9880;123;9881.0;45.0;;;9879.0;0.0
4;95300;COCONUT;9876;148;9875.0;46.0;;;9878;184;;;;;9877.0;0.0
4;95400;COCONUT;9876;140;9875.0;80.0;;;9877;140;9878.0;80.0;;;9876.5;0.0
4;95500;COCONUT;9875;188;;;;;9877;139;9878.0;49.0;;;9876.0;0.0
4;95600;COCONUT;9876;130;9875.0;52.0;;;9877;130;9878.0;52.0;;;9876.5;0.0
4;95700;COCONUT;9875;130;9874.0;76.0;;;9876;130;9877.0;76.0;;;9875.5;0.0
4;95800;COCONUT;9874;131;9873.0;64.0;;;9875;136;9876.0;64.0;;;9874.5;0.0
4;95900;COCONUT;9874;141;9873.0;47.0;;;9875;133;9876.0;47.0;;;9874.5;0.0
4;96000;COCONUT;9876;114;9875.0;52.0;;;9877;114;9878.0;52.0;;;9876.5;0.0
4;96100;COCONUT;9877;134;9876.0;74.0;;;9879;208;;;;;9878.0;0.0
4;96200;COCONUT;9878;119;9877.0;42.0;;;9879;119;9880.0;42.0;;;9878.5;0.0
4;96300;COCONUT;9876;208;;;;;9878;134;9879.0;74.0;;;9877.0;0.0
4;96400;COCONUT;9876;125;9875.0;80.0;;;9878;205;;;;;9877.0;0.0
4;96500;COCONUT;9874;134;9873.0;51.0;;;9876;185;;;;;9875.0;0.0
4;96600;COCONUT;9873;103;9872.0;62.0;;;9875;165;;;;;9874.0;0.0
4;96700;COCONUT;9872;146;9871.0;80.0;;;9873;139;9874.0;80.0;;;9872.5;0.0
4;96800;COCONUT;9873;110;9872.0;67.0;;;9874;116;9875.0;67.0;;;9873.5;0.0
4;96900;COCONUT;9872;112;9871.0;54.0;;;9873;112;9874.0;54.0;;;9872.5;0.0
4;97000;COCONUT;9871;179;;;;;9873;179;;;;;9872.0;0.0
4;97100;COCONUT;9873;139;9872.0;66.0;;;9874;139;9875.0;66.0;;;9873.5;0.0
4;97200;COCONUT;9873;118;9872.0;49.0;;;9875;167;;;;;9874.0;0.0
4;97300;COCONUT;9874;149;9873.0;77.0;;;9875;143;9876.0;77.0;;;9874.5;0.0
4;97400;COCONUT;9875;113;9874.0;56.0;;;9876;113;9877.0;56.0;;;9875.5;0.0
4;97500;COCONUT;9874;130;9873.0;45.0;;;9876;169;;;;;9875.0;0.0
4;97600;COCONUT;9873;201;;;;;9875;137;9876.0;64.0;;;9874.0;0.0
4;97700;COCONUT;9873;191;;;;;9875;128;9876.0;63.0;;;9874.0;0.0
4;97800;COCONUT;9874;145;9873.0;76.0;;;9875;145;9876.0;76.0;;;9874.5;0.0
4;97900;COCONUT;9875;124;9874.0;74.0;;;9876;124;9877.0;74.0;;;9875.5;0.0
4;98000;COCONUT;9875;119;9874.0;53.0;;;9876;119;9877.0;53.0;;;9875.5;0.0
4;98100;COCONUT;9876;113;9875.0;78.0;;;9877;113;9878.0;78.0;;;9876.5;0.0
4;98200;COCONUT;9875;147;9874.0;61.0;;;9876;147;9877.0;61.0;;;9875.5;0.0
4;98300;COCONUT;9875;100;9874.0;80.0;;;9877;180;;;;;9876.0;0.0
4;98400;COCONUT;9876;113;9875.0;78.0;;;9877;113;9878.0;78.0;;;9876.5;0.0
4;98500;COCONUT;9875;132;9874.0;47.0;;;9876;132;9877.0;47.0;;;9875.5;0.0
4;98600;COCONUT;9875;162;;;;;9877;102;9878.0;59.0;;;9876.0;0.0
4;98700;COCONUT;9875;168;;;;;9877;120;9878.0;48.0;;;9876.0;0.0
4;98800;COCONUT;9876;138;9875.0;68.0;;;9877;145;9878.0;68.0;;;9876.5;0.0
4;98900;COCONUT;9875;218;;;;;9877;218;;;;;9876.0;0.0
4;99000;COCONUT;9875;112;9874.0;58.0;;;9877;170;;;;;9876.0;0.0
4;99100;COCONUT;9876;143;;;;;9878;143;;;;;9877.0;0.0
4;99200;COCONUT;9874;174;;;;;9876;116;9877.0;58.0;;;9875.0;0.0
4;99300;COCONUT;9874;122;9873.0;40.0;;;9876;162;;;;;9875.0;0.0
4;99400;COCONUT;9874;103;9873.0;48.0;;;9876;151;;;;;9875.0;0.0
4;99500;COCONUT;9875;172;;;;;9877;128;9878.0;44.0;;;9876.0;0.0
4;99600;COCONUT;9876;135;9875.0;63.0;;;9878;198;;;;;9877.0;0.0
4;99700;COCONUT;9875;146;9874.0;56.0;;;9876;146;9877.0;56.0;;;9875.5;0.0
4;99800;COCONUT;9875;120;9874.0;49.0;;;9876;110;9877.0;49.0;;;9875.5;0.0
4;99900;COCONUT;9875;118;9874.0;57.0;;;9876;125;9877.0;57.0;;;9875.5;0.0
4;100000;COCONUT;9876;214;;;;;9878;150;9879.0;64.0;;;9877.0;0.0
4;100100;COCONUT;9877;110;9876.0;64.0;;;9878;110;9879.0;64.0;;;9877.5;0.0
4;100200;COCONUT;9877;128;9876.0;46.0;;;9878;129;9879.0;46.0;;;9877.5;0.0
4;100300;COCONUT;9874;175;;;;;9876;115;9877.0;60.0;;;9875.0;0.0
4;100400;COCONUT;9875;144;9874.0;76.0;;;9876;144;9877.0;76.0;;;9875.5;0.0
4;100500;COCONUT;9874;207;;;;;9876;149;9877.0;58.0;;;9875.0;0.0
4;100600;COCONUT;9877;141;9876.0;55.0;;;9878;141;9879.0;55.0;;;9877.5;0.0
4;100700;COCONUT;9878;147;9877.0;62.0;;;9880;209;;;;;9879.0;0.0
4;100800;COCONUT;9877;131;9876.0;80.0;;;9879;211;;;;;9878.0;0.0
4;100900;COCONUT;9880;150;9879.0;61.0;;;9881;150;9882.0;61.0;;;9880.5;0.0
4;101000;COCONUT;9878;159;;;;;9880;113;9881.0;46.0;;;9879.0;0.0
4;101100;COCONUT;9878;191;;;;;9880;136;9881.0;55.0;;;9879.0;0.0
4;101200;COCONUT;9878;149;9877.0;61.0;;;9880;202;;;;;9879.0;0.0
4;101300;COCONUT;9876;173;;;;;9878;109;9879.0;64.0;;;9877.0;0.0
4;101400;COCONUT;9878;102;9877.0;43.0;;;9879;102;9880.0;43.0;;;9878.5;0.0
4;101500;COCONUT;9876;145;9875.0;65.0;;;9877;145;9878.0;65.0;;;9876.5;0.0
4;101600;COCONUT;9877;106;9876.0;56.0;;;9879;162;;;;;9878.0;0.0
4;101700;COCONUT;9877;143;9876.0;42.0;;;9878;143;9879.0;42.0;;;9877.5;0.0
4;101800;COCONUT;9875;105;9874.0;69.0;;;9876;105;9877.0;69.0;;;9875.5;0.0
4;101900;COCONUT;9876;211;;;;;9878;150;9879.0;61.0;;;9877.0;0.0
4;102000;COCONUT;9876;127;9875.0;62.0;;;9878;189;;;;;9877.0;0.0
4;102100;COCONUT;9877;139;9876.0;60.0;;;9878;139;9879.0;60.0;;;9877.5;0.0
4;102200;COCONUT;9876;119;9875.0;80.0;;;9877;119;9878.0;80.0;;;9876.5;0.0
4;102300;COCONUT;9876;200;;;;;9878;200;;;;;9877.0;0.0
4;102400;COCONUT;9875;185;;;;;9877;144;9878.0;41.0;;;9876.0;0.0
4;102500;COCONUT;9876;135;9875.0;67.0;;;9877;135;9878.0;67.0;;;9876.5;0.0
4;102600;COCONUT;9877;211;;;;;9879;140;9880.0;71.0;;;9878.0;0.0
4;102700;COCONUT;9880;9;9879.0;151.0;;;9881;100;9882.0;51.0;;;9880.0;0.0
4;102800;COCONUT;9880;114;9879.0;78.0;;;9881;114;9882.0;78.0;;;9880.5;0.0
4;102900;COCONUT;9879;192;;;;;9881;192;;;;;9880.0;0.0
4;103000;COCONUT;9878;206;;;;;9880;150;9881.0;56.0;;;9879.0;0.0
4;103100;COCONUT;9879;195;;;;;9881;137;9882.0;58.0;;;9880.0;0.0
4;103200;COCONUT;9879;105;9878.0;61.0;;;9881;166;;;;;9880.0;0.0
4;103300;COCONUT;9879;146;9878.0;57.0;;;9880;136;9881.0;57.0;;;9879.5;0.0
4;103400;COCONUT;9879;150;;;;;9881;103;9882.0;47.0;;;9880.0;0.0
4;103500;COCONUT;9880;142;9879.0;44.0;;;9881;142;9882.0;44.0;;;9880.5;0.0
4;103600;COCONUT;9880;188;;;;;9882;128;9883.0;60.0;;;9881.0;0.0
4;103700;COCONUT;9881;7;9880.0;186.0;;;9882;121;9883.0;65.0;;;9881.0;0.0
4;103800;COCONUT;9880;103;9879.0;62.0;;;9882;165;;;;;9881.0;0.0
4;103900;COCONUT;9880;191;;;;;9882;143;9883.0;48.0;;;9881.0;0.0
4;104000;COCONUT;9879;114;9878.0;54.0;;;9881;168;;;;;9880.0;0.0
4;104100;COCONUT;9879;111;9878.0;60.0;;;9880;111;9881.0;60.0;;;9879.5;0.0
4;104200;COCONUT;9880;135;9879.0;75.0;;;9881;135;9882.0;75.0;;;9880.5;0.0
4;104300;COCONUT;9878;144;9877.0;77.0;;;9879;144;9880.0;77.0;;;9878.5;0.0
4;104400;COCONUT;9879;104;9878.0;74.0;;;9880;104;9881.0;74.0;;;9879.5;0.0
4;104500;COCONUT;9880;134;9879.0;50.0;;;9881;134;9882.0;50.0;;;9880.5;0.0
4;104600;COCONUT;9878;183;;;;;9880;119;9881.0;64.0;;;9879.0;0.0
4;104700;COCONUT;9877;188;;;;;9879;108;9880.0;80.0;;;9878.0;0.0
4;104800;COCONUT;9877;143;9876.0;46.0;;;9878;143;9879.0;46.0;;;9877.5;0.0
4;104900;COCONUT;9875;228;;;;;9877;150;9878.0;78.0;;;9876.0;0.0
4;105000;COCONUT;9874;111;9873.0;71.0;;;9875;111;9876.0;71.0;;;9874.5;0.0
4;105100;COCONUT;9872;122;9871.0;48.0;;;9873;115;9874.0;48.0;;;9872.5;0.0
4;105200;COCONUT;9872;125;9871.0;78.0;;;9873;125;9874.0;78.0;;;9872.5;0.0
4;105300;COCONUT;9873;130;9872.0;76.0;;;9874;130;9875.0;76.0;;;9873.5;0.0
4;105400;COCONUT;9872;134;9871.0;59.0;;;9874;193;;;;;9873.0;0.0
4;105500;COCONUT;9873;150;9872.0;68.0;;;9874;150;9875.0;68.0;;;9873.5;0.0
4;105600;COCONUT;9874;133;9873.0;80.0;;;9875;133;9876.0;80.0;;;9874.5;0.0
4;105700;COCONUT;9875;107;9874.0;44.0;;;9876;107;9877.0;44.0;;;9875.5;0.0
4;105800;COCONUT;9875;106;9874.0;61.0;;;9876;106;9877.0;61.0;;;9875.5;0.0
4;105900;COCONUT;9875;125;9874.0;42.0;;;9876;125;9877.0;42.0;;;9875.5;0.0
4;106000;COCONUT;9874;188;;;;;9876;146;9877.0;42.0;;;9875.0;0.0
4;106100;COCONUT;9875;183;;;;;9877;108;9878.0;75.0;;;9876.0;0.0
4;106200;COCONUT;9876;146;9875.0;45.0;;;9877;146;9878.0;45.0;;;9876.5;0.0
4;106300;COCONUT;9876;109;9875.0;43.0;;;9877;109;9878.0;43.0;;;9876.5;0.0
4;106400;COCONUT;9876;107;9875.0;48.0;;;9877;107;9878.0;48.0;;;9876.5;0.0
4;106500;COCONUT;9874;216;;;;;9876;138;9877.0;78.0;;;9875.0;0.0
4;106600;COCONUT;9872;144;9871.0;50.0;;;9874;194;;;;;9873.0;0.0
4;106700;COCONUT;9871;144;9870.0;48.0;;;9872;139;9873.0;48.0;;;9871.5;0.0
4;106800;COCONUT;9870;190;;;;;9872;132;9873.0;58.0;;;9871.0;0.0
4;106900;COCONUT;9870;120;9869.0;72.0;;;9872;192;;;;;9871.0;0.0
4;107000;COCONUT;9870;134;9869.0;52.0;;;9871;134;9872.0;52.0;;;9870.5;0.0
4;107100;COCONUT;9869;123;9868.0;51.0;;;9871;174;;;;;9870.0;0.0
4;107200;COCONUT;9869;130;9868.0;48.0;;;9870;130;9871.0;48.0;;;9869.5;0.0
4;107300;COCONUT;9868;103;9867.0;72.0;;;9869;103;9870.0;72.0;;;9868.5;0.0
4;107400;COCONUT;9867;142;9866.0;44.0;;;9868;142;9869.0;44.0;;;9867.5;0.0
4;107500;COCONUT;9867;139;9866.0;73.0;;;9869;212;;;;;9868.0;0.0
4;107600;COCONUT;9867;136;9866.0;70.0;;;9868;126;9869.0;70.0;;;9867.5;0.0
4;107700;COCONUT;9867;211;;;;;9869;133;9870.0;78.0;;;9868.0;0.0
4;107800;COCONUT;9867;100;9866.0;79.0;;;9868;100;9869.0;79.0;;;9867.5;0.0
4;107900;COCONUT;9867;114;9866.0;52.0;;;9868;114;9869.0;52.0;;;9867.5;0.0
4;108000;COCONUT;9866;131;9865.0;79.0;;;9868;210;;;;;9867.0;0.0
4;108100;COCONUT;9866;145;9865.0;42.0;;;9867;145;9868.0;42.0;;;9866.5;0.0
4;108200;COCONUT;9866;5;9865.0;178.0;;;9867;178;;;;;9866.0;0.0
4;108300;COCONUT;9865;192;;;;;9867;140;9868.0;52.0;;;9866.0;0.0
4;108400;COCONUT;9864;205;;;;;9866;143;9867.0;62.0;;;9865.0;0.0
4;108500;COCONUT;9866;128;9865.0;46.0;;;9868;174;;;;;9867.0;0.0
4;108600;COCONUT;9867;132;9866.0;46.0;;;9869;178;;;;;9868.0;0.0
4;108700;COCONUT;9867;132;9866.0;46.0;;;9869;178;;;;;9868.0;0.0
4;108800;COCONUT;9867;131;9866.0;69.0;;;9868;131;9869.0;69.0;;;9867.5;0.0
4;108900;COCONUT;9866;144;;;;;9868;101;9869.0;43.0;;;9867.0;0.0
4;109000;COCONUT;9865;115;9864.0;46.0;;;9866;115;9867.0;46.0;;;9865.5;0.0
4;109100;COCONUT;9865;139;9864.0;58.0;;;9867;197;;;;;9866.0;0.0
4;109200;COCONUT;9865;115;9864.0;55.0;;;9867;170;;;;;9866.0;0.0
4;109300;COCONUT;9865;100;9864.0;50.0;;;9866;100;9867.0;50.0;;;9865.5;0.0
4;109400;COCONUT;9865;203;;;;;9866;7;9867.0;139.0;9868.0;64.0;9866.0;0.0
4;109500;COCONUT;9866;123;9865.0;75.0;;;9867;123;9868.0;75.0;;;9866.5;0.0
4;109600;COCONUT;9866;106;9865.0;62.0;;;9867;106;9868.0;62.0;;;9866.5;0.0
4;109700;COCONUT;9866;206;;;;;9868;141;9869.0;65.0;;;9867.0;0.0
4;109800;COCONUT;9866;193;;;;;9868;135;9869.0;58.0;;;9867.0;0.0
4;109900;COCONUT;9866;110;9865.0;80.0;;;9867;110;9868.0;80.0;;;9866.5;0.0
4;110000;COCONUT;9867;132;9866.0;57.0;;;9868;132;9869.0;57.0;;;9867.5;0.0
4;110100;COCONUT;9866;115;9865.0;78.0;;;9867;115;9868.0;78.0;;;9866.5;0.0
4;110200;COCONUT;9866;9;9865.0;209.0;;;9867;209;;;;;9866.0;0.0
4;110300;COCONUT;9866;124;9865.0;57.0;;;9868;181;;;;;9867.0;0.0
4;110400;COCONUT;9865;200;;;;;9867;120;9868.0;80.0;;;9866.0;0.0
4;110500;COCONUT;9865;117;9864.0;52.0;;;9866;117;9867.0;52.0;;;9865.5;0.0
4;110600;COCONUT;9864;139;9863.0;67.0;;;9866;199;;;;;9865.0;0.0
4;110700;COCONUT;9864;102;9863.0;40.0;;;9865;102;9866.0;40.0;;;9864.5;0.0
4;110800;COCONUT;9863;191;;;;;9865;131;9866.0;60.0;;;9864.0;0.0
4;110900;COCONUT;9865;100;9864.0;59.0;;;9866;109;9867.0;59.0;;;9865.5;0.0
4;111000;COCONUT;9866;126;9865.0;48.0;;;9867;126;9868.0;48.0;;;9866.5;0.0
4;111100;COCONUT;9866;131;9865.0;67.0;;;9867;131;9868.0;67.0;;;9866.5;0.0
4;111200;COCONUT;9865;186;;;;;9867;121;9868.0;65.0;;;9866.0;0.0
4;111300;COCONUT;9865;124;9864.0;51.0;;;9866;124;9867.0;51.0;;;9865.5;0.0
4;111400;COCONUT;9864;123;9863.0;45.0;;;9865;123;9866.0;45.0;;;9864.5;0.0
4;111500;COCONUT;9864;133;9863.0;76.0;;;9865;133;9866.0;76.0;;;9864.5;0.0
4;111600;COCONUT;9864;100;9863.0;53.0;;;9865;100;9866.0;53.0;;;9864.5;0.0
4;111700;COCONUT;9862;135;9861.0;75.0;;;9864;210;;;;;9863.0;0.0
4;111800;COCONUT;9862;135;9861.0;66.0;;;9863;135;9864.0;66.0;;;9862.5;0.0
4;111900;COCONUT;9860;146;;;;;9862;146;;;;;9861.0;0.0
4;112000;COCONUT;9861;130;9860.0;59.0;;;9863;189;;;;;9862.0;0.0
4;112100;COCONUT;9862;117;9861.0;69.0;;;9863;117;9864.0;69.0;;;9862.5;0.0
4;112200;COCONUT;9861;100;9860.0;74.0;;;9862;100;9863.0;74.0;;;9861.5;0.0
4;112300;COCONUT;9861;131;9860.0;55.0;;;9862;131;9863.0;55.0;;;9861.5;0.0
4;112400;COCONUT;9859;137;9858.0;43.0;;;9860;137;9861.0;43.0;;;9859.5;0.0
4;112500;COCONUT;9858;134;9857.0;72.0;;;9859;134;9860.0;72.0;;;9858.5;0.0
4;112600;COCONUT;9858;135;9857.0;61.0;;;9860;196;;;;;9859.0;0.0
4;112700;COCONUT;9857;117;9856.0;53.0;;;9859;170;;;;;9858.0;0.0
4;112800;COCONUT;9857;136;9856.0;67.0;;;9859;203;;;;;9858.0;0.0
4;112900;COCONUT;9856;200;;;;;9858;200;;;;;9857.0;0.0
4;113000;COCONUT;9856;182;;;;;9858;116;9859.0;66.0;;;9857.0;0.0
4;113100;COCONUT;9857;177;;;;;9859;109;9860.0;68.0;;;9858.0;0.0
4;113200;COCONUT;9858;137;9857.0;60.0;;;9860;197;;;;;9859.0;0.0
4;113300;COCONUT;9857;176;;;;;9859;101;9860.0;75.0;;;9858.0;0.0
4;113400;COCONUT;9858;109;9857.0;78.0;;;9860;187;;;;;9859.0;0.0
4;113500;COCONUT;9856;130;9855.0;77.0;;;9858;207;;;;;9857.0;0.0
4;113600;COCONUT;9856;101;9855.0;77.0;;;9857;101;9858.0;77.0;;;9856.5;0.0
4;113700;COCONUT;9858;145;9857.0;57.0;;;9860;202;;;;;9859.0;0.0
4;113800;COCONUT;9860;132;9859.0;79.0;;;9862;211;;;;;9861.0;0.0
4;113900;COCONUT;9860;115;9859.0;61.0;;;9861;115;9862.0;61.0;;;9860.5;0.0
4;114000;COCONUT;9862;116;9861.0;52.0;;;9863;116;9864.0;52.0;;;9862.5;0.0
4;114100;COCONUT;9862;199;;;;;9864;130;9865.0;69.0;;;9863.0;0.0
4;114200;COCONUT;9863;128;9862.0;48.0;;;9864;128;9865.0;48.0;;;9863.5;0.0
4;114300;COCONUT;9863;130;9862.0;45.0;;;9864;135;9865.0;45.0;;;9863.5;0.0
4;114400;COCONUT;9861;101;9860.0;66.0;;;9863;167;;;;;9862.0;0.0
4;114500;COCONUT;9862;147;9861.0;42.0;;;9864;189;;;;;9863.0;0.0
4;114600;COCONUT;9861;186;;;;;9863;133;9864.0;53.0;;;9862.0;0.0
4;114700;COCONUT;9860;121;9859.0;78.0;;;9861;124;9862.0;78.0;;;9860.5;0.0
4;114800;COCONUT;9859;210;;;;;9861;136;9862.0;74.0;;;9860.0;0.0
4;114900;COCONUT;9860;177;;;;;9862;112;9863.0;65.0;;;9861.0;0.0
4;115000;COCONUT;9863;110;9862.0;50.0;;;9864;110;9865.0;50.0;;;9863.5;0.0
4;115100;COCONUT;9863;106;9862.0;41.0;;;9865;147;;;;;9864.0;0.0
4;115200;COCONUT;9864;139;9863.0;79.0;;;9865;139;9866.0;79.0;;;9864.5;0.0
4;115300;COCONUT;9863;110;9862.0;76.0;;;9864;110;9865.0;76.0;;;9863.5;0.0
4;115400;COCONUT;9862;111;9861.0;72.0;;;9864;183;;;;;9863.0;0.0
4;115500;COCONUT;9861;138;9860.0;65.0;;;9862;138;9863.0;65.0;;;9861.5;0.0
4;115600;COCONUT;9860;196;;;;;9862;137;9863.0;59.0;;;9861.0;0.0
4;115700;COCONUT;9863;108;9862.0;72.0;;;9864;108;9865.0;72.0;;;9863.5;0.0
4;115800;COCONUT;9862;118;9861.0;70.0;;;9863;118;9864.0;70.0;;;9862.5;0.0
4;115900;COCONUT;9862;108;9861.0;57.0;;;9863;108;9864.0;57.0;;;9862.5;0.0
4;116000;COCONUT;9861;136;9860.0;78.0;;;9862;136;9863.0;78.0;;;9861.5;0.0
4;116100;COCONUT;9862;147;9861.0;75.0;;;9864;222;;;;;9863.0;0.0
4;116200;COCONUT;9862;145;9861.0;54.0;;;9863;145;9864.0;54.0;;;9862.5;0.0
4;116300;COCONUT;9863;110;9862.0;59.0;;;9865;169;;;;;9864.0;0.0
4;116400;COCONUT;9862;139;9861.0;44.0;;;9864;183;;;;;9863.0;0.0
4;116500;COCONUT;9863;140;9862.0;47.0;;;9864;140;9865.0;47.0;;;9863.5;0.0
4;116600;COCONUT;9862;102;9861.0;72.0;;;9863;102;9864.0;72.0;;;9862.5;0.0
4;116700;COCONUT;9862;166;;;;;9864;166;;;;;9863.0;0.0
4;116800;COCONUT;9864;192;;;;;9866;139;9867.0;53.0;;;9865.0;0.0
4;116900;COCONUT;9865;99;9864.0;56.0;;;9866;104;9867.0;56.0;;;9865.5;0.0
4;117000;COCONUT;9864;200;;;;;9866;135;9867.0;65.0;;;9865.0;0.0
4;117100;COCONUT;9863;113;9862.0;43.0;;;9864;113;9865.0;43.0;;;9863.5;0.0
4;117200;COCONUT;9861;136;9860.0;46.0;;;9862;136;9863.0;46.0;;;9861.5;0.0
4;117300;COCONUT;9860;110;9859.0;66.0;;;9862;176;;;;;9861.0;0.0
4;117400;COCONUT;9859;114;9858.0;47.0;;;9860;114;9861.0;47.0;;;9859.5;0.0
4;117500;COCONUT;9861;120;9860.0;65.0;;;9862;120;9863.0;65.0;;;9861.5;0.0
4;117600;COCONUT;9861;143;9860.0;49.0;;;9863;192;;;;;9862.0;0.0
4;117700;COCONUT;9860;144;9859.0;45.0;;;9861;150;9862.0;45.0;;;9860.5;0.0
4;117800;COCONUT;9860;115;9859.0;61.0;;;9861;115;9862.0;61.0;;;9860.5;0.0
4;117900;COCONUT;9859;129;9858.0;74.0;;;9860;129;9861.0;74.0;;;9859.5;0.0
4;118000;COCONUT;9857;184;;;;;9859;110;9860.0;74.0;;;9858.0;0.0
4;118100;COCONUT;9858;165;;;;;9860;102;9861.0;63.0;;;9859.0;0.0
4;118200;COCONUT;9859;111;9858.0;69.0;;;9860;111;9861.0;69.0;;;9859.5;0.0
4;118300;COCONUT;9857;205;;;;;9859;147;9860.0;58.0;;;9858.0;0.0
4;118400;COCONUT;9856;164;;;;;9858;100;9859.0;64.0;;;9857.0;0.0
4;118500;COCONUT;9855;126;9854.0;40.0;;;9856;133;9857.0;40.0;;;9855.5;0.0
4;118600;COCONUT;9855;126;9854.0;50.0;;;9856;117;9857.0;50.0;;;9855.5;0.0
4;118700;COCONUT;9854;105;9853.0;78.0;;;9856;183;;;;;9855.0;0.0
4;118800;COCONUT;9856;120;9855.0;69.0;;;9858;196;;;;;9857.0;0.0
4;118900;COCONUT;9855;187;;;;;9857;187;;;;;9856.0;0.0
4;119000;COCONUT;9854;118;9853.0;51.0;;;9856;169;;;;;9855.0;0.0
4;119100;COCONUT;9854;147;9853.0;78.0;;;9855;147;9856.0;78.0;;;9854.5;0.0
4;119200;COCONUT;9853;190;;;;;9855;131;9856.0;59.0;;;9854.0;0.0
4;119300;COCONUT;9852;100;9851.0;68.0;;;9854;168;;;;;9853.0;0.0
4;119400;COCONUT;9851;186;;;;;9853;106;9854.0;80.0;;;9852.0;0.0
4;119500;COCONUT;9851;153;;;;;9853;146;;;;;9852.0;0.0
4;119600;COCONUT;9851;124;9850.0;58.0;;;9852;124;9853.0;58.0;;;9851.5;0.0
4;119700;COCONUT;9850;105;9849.0;61.0;;;9851;105;9852.0;61.0;;;9850.5;0.0
4;119800;COCONUT;9849;141;9848.0;78.0;;;9851;219;;;;;9850.0;0.0
4;119900;COCONUT;9850;143;9849.0;73.0;;;9851;143;9852.0;73.0;;;9850.5;0.0
4;120000;COCONUT;9851;149;9850.0;78.0;;;9853;227;;;;;9852.0;0.0
4;120100;COCONUT;9852;154;;;;;9854;104;9855.0;50.0;;;9853.0;0.0
4;120200;COCONUT;9853;144;9852.0;60.0;;;9854;144;9855.0;60.0;;;9853.5;0.0
4;120300;COCONUT;9853;107;9852.0;50.0;;;9854;107;9855.0;50.0;;;9853.5;0.0
4;120400;COCONUT;9853;102;9852.0;77.0;;;9855;179;;;;;9854.0;0.0
4;120500;COCONUT;9852;106;9851.0;55.0;;;9854;161;;;;;9853.0;0.0
4;120600;COCONUT;9852;190;;;;;9854;123;9855.0;67.0;;;9853.0;0.0
4;120700;COCONUT;9851;104;9850.0;41.0;;;9853;145;;;;;9852.0;0.0
4;120800;COCONUT;9851;127;9850.0;67.0;;;9853;194;;;;;9852.0;0.0
4;120900;COCONUT;9850;147;9849.0;75.0;;;9851;147;9852.0;75.0;;;9850.5;0.0
4;121000;COCONUT;9849;132;9848.0;52.0;;;9850;132;9851.0;52.0;;;9849.5;0.0
4;121100;COCONUT;9848;203;;;;;9850;141;9851.0;62.0;;;9849.0;0.0
4;121200;COCONUT;9848;143;9847.0;41.0;;;9849;143;9850.0;41.0;;;9848.5;0.0
4;121300;COCONUT;9847;139;9846.0;69.0;;;9848;139;9849.0;69.0;;;9847.5;0.0
4;121400;COCONUT;9846;114;9845.0;71.0;;;9848;185;;;;;9847.0;0.0
4;121500;COCONUT;9845;99;9844.0;66.0;;;9846;108;9847.0;66.0;;;9845.5;0.0
4;121600;COCONUT;9843;218;;;;;9845;148;9846.0;70.0;;;9844.0;0.0
4;121700;COCONUT;9841;122;9840.0;74.0;;;9842;122;9843.0;74.0;;;9841.5;0.0
4;121800;COCONUT;9840;115;9839.0;49.0;;;9841;123;9842.0;49.0;;;9840.5;0.0
4;121900;COCONUT;9839;101;9838.0;77.0;;;9840;101;9841.0;77.0;;;9839.5;0.0
4;122000;COCONUT;9838;141;9837.0;75.0;;;9840;216;;;;;9839.0;0.0
4;122100;COCONUT;9838;111;9837.0;56.0;;;9840;167;;;;;9839.0;0.0
4;122200;COCONUT;9839;148;9838.0;48.0;;;9841;196;;;;;9840.0;0.0
4;122300;COCONUT;9838;111;9837.0;77.0;;;9839;111;9840.0;77.0;;;9838.5;0.0
4;122400;COCONUT;9837;130;9836.0;56.0;;;9838;130;9839.0;56.0;;;9837.5;0.0
4;122500;COCONUT;9837;144;9836.0;52.0;;;9838;144;9839.0;52.0;;;9837.5;0.0
4;122600;COCONUT;9835;155;;;;;9837;101;9838.0;54.0;;;9836.0;0.0
4;122700;COCONUT;9833;185;;;;;9835;133;9836.0;52.0;;;9834.0;0.0
4;122800;COCONUT;9832;206;;;;;9834;135;9835.0;71.0;;;9833.0;0.0
4;122900;COCONUT;9831;200;;;;;9833;121;9834.0;79.0;;;9832.0;0.0
4;123000;COCONUT;9832;116;9831.0;66.0;;;9833;116;9834.0;66.0;;;9832.5;0.0
4;123100;COCONUT;9832;121;9831.0;66.0;;;9834;187;;;;;9833.0;0.0
4;123200;COCONUT;9833;106;9832.0;55.0;;;9835;161;;;;;9834.0;0.0
4;123300;COCONUT;9833;134;9832.0;46.0;;;9835;180;;;;;9834.0;0.0
4;123400;COCONUT;9832;150;9831.0;47.0;;;9833;145;9834.0;47.0;;;9832.5;0.0
4;123500;COCONUT;9830;124;9829.0;66.0;;;9832;190;;;;;9831.0;0.0
4;123600;COCONUT;9829;123;9828.0;61.0;;;9830;123;9831.0;61.0;;;9829.5;0.0
4;123700;COCONUT;9830;142;9829.0;58.0;;;9831;142;9832.0;58.0;;;9830.5;0.0
4;123800;COCONUT;9831;146;9830.0;40.0;;;9832;146;9833.0;40.0;;;9831.5;0.0
4;123900;COCONUT;9832;147;9831.0;50.0;;;9834;197;;;;;9833.0;0.0
4;124000;COCONUT;9834;134;9833.0;53.0;;;9836;187;;;;;9835.0;0.0
4;124100;COCONUT;9833;139;9832.0;71.0;;;9834;139;9835.0;71.0;;;9833.5;0.0
4;124200;COCONUT;9833;131;9832.0;46.0;;;9835;177;;;;;9834.0;0.0
4;124300;COCONUT;9835;223;;;;;9837;144;9838.0;79.0;;;9836.0;0.0
4;124400;COCONUT;9836;149;9835.0;62.0;;;9838;211;;;;;9837.0;0.0
4;124500;COCONUT;9838;135;9837.0;71.0;;;9839;135;9840.0;71.0;;;9838.5;0.0
4;124600;COCONUT;9839;120;9838.0;54.0;;;9840;120;9841.0;54.0;;;9839.5;0.0
4;124700;COCONUT;9839;145;9838.0;66.0;;;9840;145;9841.0;66.0;;;9839.5;0.0
4;124800;COCONUT;9838;99;9837.0;64.0;;;9840;170;;;;;9839.0;0.0
4;124900;COCONUT;9838;218;;;;;9840;139;9841.0;79.0;;;9839.0;0.0
4;125000;COCONUT;9838;101;9837.0;75.0;;;9839;101;9840.0;75.0;;;9838.5;0.0
4;125100;COCONUT;9837;100;9836.0;69.0;;;9838;100;9839.0;69.0;;;9837.5;0.0
4;125200;COCONUT;9836;164;;;;;9838;112;9839.0;52.0;;;9837.0;0.0
4;125300;COCONUT;9835;109;9834.0;46.0;;;9837;162;;;;;9836.0;0.0
4;125400;COCONUT;9835;114;9834.0;74.0;;;9836;114;9837.0;74.0;;;9835.5;0.0
4;125500;COCONUT;9834;226;;;;;9836;146;9837.0;80.0;;;9835.0;0.0
4;125600;COCONUT;9834;132;9833.0;50.0;;;9835;132;9836.0;50.0;;;9834.5;0.0
4;125700;COCONUT;9834;107;9833.0;68.0;;;9835;107;9836.0;68.0;;;9834.5;0.0
4;125800;COCONUT;9834;145;9833.0;54.0;;;9835;145;9836.0;54.0;;;9834.5;0.0
4;125900;COCONUT;9834;136;9833.0;49.0;;;9835;136;9836.0;49.0;;;9834.5;0.0
4;126000;COCONUT;9834;131;9833.0;68.0;;;9835;131;9836.0;68.0;;;9834.5;0.0
4;126100;COCONUT;9837;106;9836.0;68.0;;;9838;106;9839.0;68.0;;;9837.5;0.0
4;126200;COCONUT;9836;130;9835.0;62.0;;;9837;130;9838.0;62.0;;;9836.5;0.0
4;126300;COCONUT;9835;150;9834.0;64.0;;;9837;214;;;;;9836.0;0.0
4;126400;COCONUT;9836;108;9835.0;47.0;;;9837;108;9838.0;47.0;;;9836.5;0.0
4;126500;COCONUT;9837;111;9836.0;75.0;;;9838;111;9839.0;75.0;;;9837.5;0.0
4;126600;COCONUT;9838;135;9837.0;41.0;;;9839;135;9840.0;41.0;;;9838.5;0.0
4;126700;COCONUT;9837;100;9836.0;40.0;;;9838;100;9839.0;40.0;;;9837.5;0.0
4;126800;COCONUT;9837;126;9836.0;67.0;;;9839;193;;;;;9838.0;0.0
4;126900;COCONUT;9837;119;9836.0;55.0;;;9838;119;9839.0;55.0;;;9837.5;0.0
4;127000;COCONUT;9837;127;9836.0;44.0;;;9838;127;9839.0;44.0;;;9837.5;0.0
4;127100;COCONUT;9835;110;9834.0;50.0;;;9837;160;;;;;9836.0;0.0
4;127200;COCONUT;9835;178;;;;;9837;103;9838.0;75.0;;;9836.0;0.0
4;127300;COCONUT;9836;110;9835.0;69.0;;;9837;110;9838.0;69.0;;;9836.5;0.0
4;127400;COCONUT;9834;182;;;;;9836;115;9837.0;67.0;;;9835.0;0.0
4;127500;COCONUT;9835;116;9834.0;61.0;;;9836;116;9837.0;61.0;;;9835.5;0.0
4;127600;COCONUT;9834;202;;;;;9836;123;9837.0;79.0;;;9835.0;0.0
4;127700;COCONUT;9835;142;9834.0;66.0;;;9836;150;9837.0;66.0;;;9835.5;0.0
4;127800;COCONUT;9835;137;9834.0;72.0;;;9836;137;9837.0;72.0;;;9835.5;0.0
4;127900;COCONUT;9834;149;9833.0;52.0;;;9836;201;;;;;9835.0;0.0
4;128000;COCONUT;9835;149;9834.0;52.0;;;9836;149;9837.0;52.0;;;9835.5;0.0
4;128100;COCONUT;9833;181;;;;;9835;139;9836.0;42.0;;;9834.0;0.0
4;128200;COCONUT;9833;189;;;;;9835;120;9836.0;69.0;;;9834.0;0.0
4;128300;COCONUT;9835;115;9834.0;62.0;;;9837;177;;;;;9836.0;0.0
4;128400;COCONUT;9833;170;;;;;9835;112;9836.0;58.0;;;9834.0;0.0
4;128500;COCONUT;9834;143;9833.0;59.0;;;9836;202;;;;;9835.0;0.0
4;128600;COCONUT;9834;189;;;;;9836;118;9837.0;71.0;;;9835.0;0.0
4;128700;COCONUT;9836;143;9835.0;70.0;;;9837;143;9838.0;70.0;;;9836.5;0.0
4;128800;COCONUT;9835;195;;;;;9837;195;;;;;9836.0;0.0
4;128900;COCONUT;9837;194;;;;;9839;125;9840.0;69.0;;;9838.0;0.0
4;129000;COCONUT;9836;148;9835.0;67.0;;;9837;148;9838.0;67.0;;;9836.5;0.0
4;129100;COCONUT;9836;102;9835.0;55.0;;;9837;102;9838.0;55.0;;;9836.5;0.0
4;129200;COCONUT;9837;109;9836.0;63.0;;;9838;109;9839.0;63.0;;;9837.5;0.0
4;129300;COCONUT;9835;119;9834.0;71.0;;;9836;119;9837.0;71.0;;;9835.5;0.0
4;129400;COCONUT;9834;146;9833.0;77.0;;;9835;146;9836.0;77.0;;;9834.5;0.0
4;129500;COCONUT;9833;102;9832.0;79.0;;;9835;181;;;;;9834.0;0.0
4;129600;COCONUT;9834;110;9833.0;52.0;;;9835;110;9836.0;52.0;;;9834.5;0.0
4;129700;COCONUT;9836;177;;;;;9838;111;9839.0;66.0;;;9837.0;0.0
4;129800;COCONUT;9837;172;;;;;9839;172;;;;;9838.0;0.0
4;129900;COCONUT;9837;142;9836.0;43.0;;;9838;142;9839.0;43.0;;;9837.5;0.0
4;130000;COCONUT;9837;150;9836.0;76.0;;;9839;218;;;;;9838.0;0.0
4;130100;COCONUT;9834;176;;;;;9836;107;9837.0;69.0;;;9835.0;0.0
4;130200;COCONUT;9833;119;9832.0;75.0;;;9834;119;9835.0;75.0;;;9833.5;0.0
4;130300;COCONUT;9832;216;;;;;9833;5;9834.0;150.0;9835.0;66.0;9833.0;0.0
4;130400;COCONUT;9833;115;9832.0;47.0;;;9835;162;;;;;9834.0;0.0
4;130500;COCONUT;9833;137;9832.0;78.0;;;9835;205;;;;;9834.0;0.0
4;130600;COCONUT;9833;132;9832.0;79.0;;;9834;139;9835.0;79.0;;;9833.5;0.0
4;130700;COCONUT;9833;103;9832.0;72.0;;;9834;103;9835.0;72.0;;;9833.5;0.0
4;130800;COCONUT;9835;107;9834.0;79.0;;;9836;107;9837.0;79.0;;;9835.5;0.0
4;130900;COCONUT;9835;143;9834.0;64.0;;;9836;143;9837.0;64.0;;;9835.5;0.0
4;131000;COCONUT;9835;142;9834.0;50.0;;;9837;192;;;;;9836.0;0.0
4;131100;COCONUT;9836;219;;;;;9838;142;9839.0;77.0;;;9837.0;0.0
4;131200;COCONUT;9835;116;9834.0;65.0;;;9836;116;9837.0;65.0;;;9835.5;0.0
4;131300;COCONUT;9836;207;;;;;9838;133;9839.0;74.0;;;9837.0;0.0
4;131400;COCONUT;9836;100;9835.0;50.0;;;9837;100;9838.0;50.0;;;9836.5;0.0
4;131500;COCONUT;9836;149;;;;;9838;149;;;;;9837.0;0.0
4;131600;COCONUT;9836;150;9835.0;69.0;;;9837;150;9838.0;69.0;;;9836.5;0.0
4;131700;COCONUT;9837;199;;;;;9839;127;9840.0;72.0;;;9838.0;0.0
4;131800;COCONUT;9839;185;;;;;9841;126;9842.0;59.0;;;9840.0;0.0
4;131900;COCONUT;9841;133;9840.0;77.0;;;9843;210;;;;;9842.0;0.0
4;132000;COCONUT;9842;179;;;;;9844;122;9845.0;57.0;;;9843.0;0.0
4;132100;COCONUT;9843;125;9842.0;43.0;;;9844;125;9845.0;43.0;;;9843.5;0.0
4;132200;COCONUT;9843;195;;;;;9845;142;9846.0;53.0;;;9844.0;0.0
4;132300;COCONUT;9844;149;9843.0;48.0;;;9845;149;9846.0;48.0;;;9844.5;0.0
4;132400;COCONUT;9844;137;9843.0;47.0;;;9845;137;9846.0;47.0;;;9844.5;0.0
4;132500;COCONUT;9843;178;;;;;9845;103;9846.0;75.0;;;9844.0;0.0
4;132600;COCONUT;9846;139;9845.0;60.0;;;9848;199;;;;;9847.0;0.0
4;132700;COCONUT;9847;108;9846.0;74.0;;;9848;112;9849.0;74.0;;;9847.5;0.0
4;132800;COCONUT;9848;111;9847.0;72.0;;;9849;119;9850.0;72.0;;;9848.5;0.0
4;132900;COCONUT;9848;176;;;;;9850;131;9851.0;45.0;;;9849.0;0.0
4;133000;COCONUT;9850;116;9849.0;53.0;;;9852;169;;;;;9851.0;0.0
4;133100;COCONUT;9851;121;9850.0;50.0;;;9853;171;;;;;9852.0;0.0
4;133200;COCONUT;9850;203;;;;;9852;128;9853.0;75.0;;;9851.0;0.0
4;133300;COCONUT;9852;192;;;;;9854;192;;;;;9853.0;0.0
4;133400;COCONUT;9853;149;9852.0;41.0;;;9854;149;9855.0;41.0;;;9853.5;0.0
4;133500;COCONUT;9850;92;9849.0;45.0;;;9851;101;9852.0;45.0;;;9850.5;0.0
4;133600;COCONUT;9850;115;9849.0;60.0;;;9852;175;;;;;9851.0;0.0
4;133700;COCONUT;9851;131;9850.0;44.0;;;9852;131;9853.0;44.0;;;9851.5;0.0
4;133800;COCONUT;9851;173;;;;;9853;118;9854.0;55.0;;;9852.0;0.0
4;133900;COCONUT;9853;117;9852.0;46.0;;;9854;117;9855.0;46.0;;;9853.5;0.0
4;134000;COCONUT;9852;106;9851.0;57.0;;;9854;163;;;;;9853.0;0.0
4;134100;COCONUT;9852;196;;;;;9854;137;9855.0;59.0;;;9853.0;0.0
4;134200;COCONUT;9853;122;9852.0;49.0;;;9854;122;9855.0;49.0;;;9853.5;0.0
4;134300;COCONUT;9853;135;9852.0;80.0;;;9854;135;9855.0;80.0;;;9853.5;0.0
4;134400;COCONUT;9855;117;9854.0;54.0;;;9856;117;9857.0;54.0;;;9855.5;0.0
4;134500;COCONUT;9854;132;9853.0;58.0;;;9855;132;9856.0;58.0;;;9854.5;0.0
4;134600;COCONUT;9855;196;;;;;9857;143;9858.0;53.0;;;9856.0;0.0
4;134700;COCONUT;9855;112;9854.0;52.0;;;9856;112;9857.0;52.0;;;9855.5;0.0
4;134800;COCONUT;9856;223;;;;;9858;146;9859.0;77.0;;;9857.0;0.0
4;134900;COCONUT;9857;106;9856.0;66.0;;;9858;106;9859.0;66.0;;;9857.5;0.0
4;135000;COCONUT;9856;135;9855.0;69.0;;;9857;135;9858.0;69.0;;;9856.5;0.0
4;135100;COCONUT;9855;120;9854.0;77.0;;;9857;197;;;;;9856.0;0.0
4;135200;COCONUT;9855;130;9854.0;53.0;;;9856;130;9857.0;53.0;;;9855.5;0.0
4;135300;COCONUT;9854;192;;;;;9856;121;9857.0;71.0;;;9855.0;0.0
4;135400;COCONUT;9855;188;;;;;9857;148;9858.0;40.0;;;9856.0;0.0
4;135500;COCONUT;9856;148;9855.0;46.0;;;9858;194;;;;;9857.0;0.0
4;135600;COCONUT;9857;162;;;;;9859;112;9860.0;50.0;;;9858.0;0.0
4;135700;COCONUT;9857;211;;;;;9859;149;9860.0;62.0;;;9858.0;0.0
4;135800;COCONUT;9857;202;;;;;9859;148;9860.0;54.0;;;9858.0;0.0
4;135900;COCONUT;9857;112;9856.0;76.0;;;9858;112;9859.0;76.0;;;9857.5;0.0
4;136000;COCONUT;9856;119;9855.0;68.0;;;9858;187;;;;;9857.0;0.0
4;136100;COCONUT;9857;102;9856.0;79.0;;;9858;102;9859.0;79.0;;;9857.5;0.0
4;136200;COCONUT;9856;109;9855.0;77.0;;;9857;109;9858.0;77.0;;;9856.5;0.0
4;136300;COCONUT;9855;143;9854.0;49.0;;;9856;143;9857.0;49.0;;;9855.5;0.0
4;136400;COCONUT;9854;131;9853.0;79.0;;;9856;203;;;;;9855.0;0.0
4;136500;COCONUT;9855;136;9854.0;77.0;;;9856;136;9857.0;77.0;;;9855.5;0.0
4;136600;COCONUT;9856;148;9855.0;54.0;;;9857;148;9858.0;54.0;;;9856.5;0.0
4;136700;COCONUT;9856;105;9855.0;79.0;;;9858;193;;;;;9857.0;0.0
4;136800;COCONUT;9856;176;;;;;9858;129;9859.0;47.0;;;9857.0;0.0
4;136900;COCONUT;9855;189;;;;;9857;131;9858.0;58.0;;;9856.0;0.0
4;137000;COCONUT;9855;146;9854.0;66.0;;;9856;146;9857.0;66.0;;;9855.5;0.0
4;137100;COCONUT;9855;213;;;;;9857;145;9858.0;68.0;;;9856.0;0.0
4;137200;COCONUT;9856;134;9855.0;50.0;;;9857;134;9858.0;50.0;;;9856.5;0.0
4;137300;COCONUT;9855;147;9854.0;67.0;;;9856;147;9857.0;67.0;;;9855.5;0.0
4;137400;COCONUT;9856;114;9855.0;41.0;;;9857;114;9858.0;41.0;;;9856.5;0.0
4;137500;COCONUT;9856;114;9855.0;60.0;;;9858;174;;;;;9857.0;0.0
4;137600;COCONUT;9857;120;9856.0;48.0;;;9858;120;9859.0;48.0;;;9857.5;0.0
4;137700;COCONUT;9857;130;9856.0;52.0;;;9858;130;9859.0;52.0;;;9857.5;0.0
4;137800;COCONUT;9856;149;9855.0;66.0;;;9857;149;9858.0;66.0;;;9856.5;0.0
4;137900;COCONUT;9856;203;;;;;9858;203;;;;;9857.0;0.0
4;138000;COCONUT;9858;100;9857.0;75.0;;;9859;100;9860.0;75.0;;;9858.5;0.0
4;138100;COCONUT;9858;107;9857.0;79.0;;;9860;181;;;;;9859.0;0.0
4;138200;COCONUT;9860;148;9859.0;50.0;;;9861;148;9862.0;50.0;;;9860.5;0.0
4;138300;COCONUT;9860;9;9859.0;209.0;;;9861;137;9862.0;72.0;;;9860.0;0.0
4;138400;COCONUT;9859;110;9858.0;57.0;;;9860;110;9861.0;57.0;;;9859.5;0.0
4;138500;COCONUT;9858;6;9857.0;179.0;;;9859;136;9860.0;43.0;;;9858.0;0.0
4;138600;COCONUT;9859;145;9858.0;70.0;;;9860;145;9861.0;70.0;;;9859.5;0.0
4;138700;COCONUT;9859;125;9858.0;67.0;;;9860;125;9861.0;67.0;;;9859.5;0.0
4;138800;COCONUT;9860;143;9859.0;77.0;;;9861;136;9862.0;77.0;;;9860.5;0.0
4;138900;COCONUT;9859;163;;;;;9861;105;9862.0;58.0;;;9860.0;0.0
4;139000;COCONUT;9858;142;9857.0;65.0;;;9859;142;9860.0;65.0;;;9858.5;0.0
4;139100;COCONUT;9859;132;9858.0;62.0;;;9860;132;9861.0;62.0;;;9859.5;0.0
4;139200;COCONUT;9858;142;9857.0;77.0;;;9859;142;9860.0;77.0;;;9858.5;0.0
4;139300;COCONUT;9860;121;9859.0;55.0;;;9862;176;;;;;9861.0;0.0
4;139400;COCONUT;9860;166;;;;;9862;107;9863.0;59.0;;;9861.0;0.0
4;139500;COCONUT;9859;105;9858.0;52.0;;;9860;105;9861.0;52.0;;;9859.5;0.0
4;139600;COCONUT;9860;10;9859.0;171.0;;;9861;124;9862.0;47.0;;;9860.0;0.0
4;139700;COCONUT;9862;105;9861.0;71.0;;;9863;105;9864.0;71.0;;;9862.5;0.0
4;139800;COCONUT;9860;178;;;;;9862;124;9863.0;54.0;;;9861.0;0.0
4;139900;COCONUT;9862;147;9861.0;44.0;;;9863;147;9864.0;44.0;;;9862.5;0.0
4;140000;COCONUT;9862;131;9861.0;63.0;;;9863;131;9864.0;63.0;;;9862.5;0.0
4;140100;COCONUT;9862;139;9861.0;79.0;;;9863;139;9864.0;79.0;;;9862.5;0.0
4;140200;COCONUT;9862;141;9861.0;73.0;;;9863;141;9864.0;73.0;;;9862.5;0.0
4;140300;COCONUT;9862;136;9861.0;41.0;;;9864;177;;;;;9863.0;0.0
4;140400;COCONUT;9861;104;9860.0;63.0;;;9862;104;9863.0;63.0;;;9861.5;0.0
4;140500;COCONUT;9862;112;9861.0;75.0;;;9863;112;9864.0;75.0;;;9862.5;0.0
4;140600;COCONUT;9861;125;9860.0;41.0;;;9862;125;9863.0;41.0;;;9861.5;0.0
4;140700;COCONUT;9861;136;9860.0;80.0;;;9863;216;;;;;9862.0;0.0
4;140800;COCONUT;9859;220;;;;;9861;144;9862.0;76.0;;;9860.0;0.0
4;140900;COCONUT;9858;133;9857.0;50.0;;;9859;133;9860.0;50.0;;;9858.5;0.0
4;141000;COCONUT;9859;143;;;;;9861;143;;;;;9860.0;0.0
4;141100;COCONUT;9860;199;;;;;9862;128;9863.0;71.0;;;9861.0;0.0
4;141200;COCONUT;9861;122;9860.0;57.0;;;9862;122;9863.0;57.0;;;9861.5;0.0
4;141300;COCONUT;9862;106;9861.0;61.0;;;9863;106;9864.0;61.0;;;9862.5;0.0
4;141400;COCONUT;9860;132;9859.0;54.0;;;9862;186;;;;;9861.0;0.0
4;141500;COCONUT;9860;213;;;;;9862;138;9863.0;75.0;;;9861.0;0.0
4;141600;COCONUT;9862;135;9861.0;79.0;;;9864;214;;;;;9863.0;0.0
4;141700;COCONUT;9863;105;9862.0;48.0;;;9864;105;9865.0;48.0;;;9863.5;0.0
4;141800;COCONUT;9862;143;9861.0;78.0;;;9864;221;;;;;9863.0;0.0
4;141900;COCONUT;9862;114;9861.0;75.0;;;9863;114;9864.0;75.0;;;9862.5;0.0
4;142000;COCONUT;9863;145;9862.0;70.0;;;9864;145;9865.0;70.0;;;9863.5;0.0
4;142100;COCONUT;9864;106;9863.0;63.0;;;9866;169;;;;;9865.0;0.0
4;142200;COCONUT;9864;138;9863.0;80.0;;;9866;218;;;;;9865.0;0.0
4;142300;COCONUT;9863;9;9862.0;157.0;;;9864;106;9865.0;51.0;;;9863.0;0.0
4;142400;COCONUT;9863;196;;;;;9865;124;9866.0;72.0;;;9864.0;0.0
4;142500;COCONUT;9864;120;9863.0;43.0;;;9865;120;9866.0;43.0;;;9864.5;0.0
4;142600;COCONUT;9863;121;9862.0;71.0;;;9864;121;9865.0;71.0;;;9863.5;0.0
4;142700;COCONUT;9864;187;;;;;9866;116;9867.0;71.0;;;9865.0;0.0
4;142800;COCONUT;9866;128;9865.0;62.0;;;9867;128;9868.0;62.0;;;9866.5;0.0
4;142900;COCONUT;9866;106;9865.0;53.0;;;9868;164;;;;;9867.0;0.0
4;143000;COCONUT;9867;212;;;;;9869;140;9870.0;72.0;;;9868.0;0.0
4;143100;COCONUT;9868;126;9867.0;41.0;;;9869;134;9870.0;41.0;;;9868.5;0.0
4;143200;COCONUT;9869;144;9868.0;44.0;;;9870;144;9871.0;44.0;;;9869.5;0.0
4;143300;COCONUT;9869;111;9868.0;60.0;;;9870;111;9871.0;60.0;;;9869.5;0.0
4;143400;COCONUT;9869;125;9868.0;79.0;;;9870;125;9871.0;79.0;;;9869.5;0.0
4;143500;COCONUT;9870;129;9869.0;53.0;;;9871;129;9872.0;53.0;;;9870.5;0.0
4;143600;COCONUT;9870;206;;;;;9872;135;9873.0;71.0;;;9871.0;0.0
4;143700;COCONUT;9872;104;9871.0;58.0;;;9873;104;9874.0;58.0;;;9872.5;0.0
4;143800;COCONUT;9869;101;9868.0;65.0;;;9870;101;9871.0;65.0;;;9869.5;0.0
4;143900;COCONUT;9869;112;9868.0;44.0;;;9871;156;;;;;9870.0;0.0
4;144000;COCONUT;9867;124;9866.0;52.0;;;9868;124;9869.0;52.0;;;9867.5;0.0
4;144100;COCONUT;9867;136;9866.0;57.0;;;9868;136;9869.0;57.0;;;9867.5;0.0
4;144200;COCONUT;9867;137;9866.0;45.0;;;9868;137;9869.0;45.0;;;9867.5;0.0
4;144300;COCONUT;9866;115;9865.0;68.0;;;9867;115;9868.0;68.0;;;9866.5;0.0
4;144400;COCONUT;9866;134;9865.0;75.0;;;9867;134;9868.0;75.0;;;9866.5;0.0
4;144500;COCONUT;9864;113;9863.0;79.0;;;9865;113;9866.0;79.0;;;9864.5;0.0
4;144600;COCONUT;9864;133;9863.0;47.0;;;9865;133;9866.0;47.0;;;9864.5;0.0
4;144700;COCONUT;9863;119;9862.0;60.0;;;9865;179;;;;;9864.0;0.0
4;144800;COCONUT;9863;114;9862.0;49.0;;;9865;163;;;;;9864.0;0.0
4;144900;COCONUT;9862;182;;;;;9864;129;9865.0;53.0;;;9863.0;0.0
4;145000;COCONUT;9864;143;9863.0;64.0;;;9865;133;9866.0;64.0;;;9864.5;0.0
4;145100;COCONUT;9862;189;;;;;9864;131;9865.0;58.0;;;9863.0;0.0
4;145200;COCONUT;9865;127;9864.0;47.0;;;9866;117;9867.0;47.0;;;9865.5;0.0
4;145300;COCONUT;9865;136;9864.0;43.0;;;9867;179;;;;;9866.0;0.0
4;145400;COCONUT;9865;114;9864.0;49.0;;;9866;114;9867.0;49.0;;;9865.5;0.0
4;145500;COCONUT;9865;108;9864.0;73.0;;;9867;181;;;;;9866.0;0.0
4;145600;COCONUT;9867;138;9866.0;80.0;;;9868;138;9869.0;80.0;;;9867.5;0.0
4;145700;COCONUT;9868;134;9867.0;67.0;;;9869;134;9870.0;67.0;;;9868.5;0.0
4;145800;COCONUT;9868;102;9867.0;43.0;;;9869;102;9870.0;43.0;;;9868.5;0.0
4;145900;COCONUT;9868;143;9867.0;41.0;;;9870;184;;;;;9869.0;0.0
4;146000;COCONUT;9868;115;9867.0;66.0;;;9869;115;9870.0;66.0;;;9868.5;0.0
4;146100;COCONUT;9866;177;;;;;9868;133;9869.0;44.0;;;9867.0;0.0
4;146200;COCONUT;9866;204;;;;;9868;126;9869.0;78.0;;;9867.0;0.0
