day;timestamp;product;bid_price_1;bid_volume_1;bid_price_2;bid_volume_2;bid_price_3;bid_volume_3;ask_price_1;ask_volume_1;ask_price_2;ask_volume_2;ask_price_3;ask_volume_3;mid_price;profit_and_loss
4;0;COCONUT_COUPON;574;38;;;;;575;38;;;;;574.5;0.0
4;100;COCONUT_COUPON;575;39;;;;;576;39;;;;;575.5;0.0
4;200;COCONUT_COUPON;575;41;;;;;576;41;;;;;575.5;0.0
4;300;COCONUT_COUPON;576;41;;;;;578;41;;;;;577.0;0.0
4;400;COCONUT_COUPON;576;36;;;;;577;36;;;;;576.5;0.0
4;500;COCONUT_COUPON;577;24;;;;;578;43;;;;;577.5;0.0
4;600;COCONUT_COUPON;577;48;;;;;578;48;;;;;577.5;0.0
4;700;COCONUT_COUPON;577;41;;;;;578;41;;;;;577.5;0.0
4;800;COCONUT_COUPON;577;45;;;;;578;45;;;;;577.5;0.0
4;900;COCONUT_COUPON;576;26;;;;;578;31;;;;;577.0;0.0
4;1000;COCONUT_COUPON;576;28;;;;;577;28;;;;;576.5;0.0
4;1100;COCONUT_COUPON;576;48;;;;;577;48;;;;;576.5;0.0
4;1200;COCONUT_COUPON;575;35;;;;;576;35;;;;;575.5;0.0
4;1300;COCONUT_COUPON;574;3;;;;;575;31;;;;;574.5;0.0
4;1400;COCONUT_COUPON;575;45;;;;;576;45;;;;;575.5;0.0
4;1500;COCONUT_COUPON;575;38;;;;;576;38;;;;;575.5;0.0
4;1600;COCONUT_COUPON;574;48;;;;;575;48;;;;;574.5;0.0
4;1700;COCONUT_COUPON;576;36;;;;;577;36;;;;;576.5;0.0
4;1800;COCONUT_COUPON;575;34;;;;;577;34;;;;;576.0;0.0
4;1900;COCONUT_COUPON;578;41;;;;;579;41;;;;;578.5;0.0
4;2000;COCONUT_COUPON;577;51;;;;;578;51;;;;;577.5;0.0
4;2100;COCONUT_COUPON;576;49;;;;;577;49;;;;;576.5;0.0
4;2200;COCONUT_COUPON;577;45;;;;;578;45;;;;;577.5;0.0
4;2300;COCONUT_COUPON;577;51;;;;;578;37;;;;;577.5;0.0
4;2400;COCONUT_COUPON;576;39;;;;;577;39;;;;;576.5;0.0
4;2500;COCONUT_COUPON;576;32;;;;;577;32;;;;;576.5;0.0
4;2600;COCONUT_COUPON;576;29;;;;;577;29;;;;;576.5;0.0
4;2700;COCONUT_COUPON;577;32;;;;;578;32;;;;;577.5;0.0
4;2800;COCONUT_COUPON;578;32;;;;;579;32;;;;;578.5;0.0
4;2900;COCONUT_COUPON;578;29;;;;;579;29;;;;;578.5;0.0
4;3000;COCONUT_COUPON;579;34;;;;;580;34;;;;;579.5;0.0
4;3100;COCONUT_COUPON;578;35;;;;;579;35;;;;;578.5;0.0
4;3200;COCONUT_COUPON;577;31;;;;;578;31;;;;;577.5;0.0
4;3300;COCONUT_COUPON;575;36;;;;;576;2;577.0;34.0;;;576.0;0.0
4;3400;COCONUT_COUPON;575;43;;;;;576;43;;;;;575.5;0.0
4;3500;COCONUT_COUPON;577;39;;;;;578;39;;;;;577.5;0.0
4;3600;COCONUT_COUPON;577;42;;;;;578;42;;;;;577.5;0.0
4;3700;COCONUT_COUPON;576;39;;;;;577;39;;;;;576.5;0.0
4;3800;COCONUT_COUPON;578;31;;;;;579;31;;;;;578.5;0.0
4;3900;COCONUT_COUPON;577;45;;;;;578;45;;;;;577.5;0.0
4;4000;COCONUT_COUPON;575;42;;;;;576;42;;;;;575.5;0.0
4;4100;COCONUT_COUPON;575;45;;;;;576;45;;;;;575.5;0.0
4;4200;COCONUT_COUPON;575;40;;;;;576;40;;;;;575.5;0.0
4;4300;COCONUT_COUPON;574;37;;;;;575;37;;;;;574.5;0.0
4;4400;COCONUT_COUPON;573;27;;;;;574;27;;;;;573.5;0.0
4;4500;COCONUT_COUPON;573;50;;;;;574;50;;;;;573.5;0.0
4;4600;COCONUT_COUPON;573;36;;;;;574;36;;;;;573.5;0.0
4;4700;COCONUT_COUPON;574;40;;;;;575;40;;;;;574.5;0.0
4;4800;COCONUT_COUPON;573;39;;;;;574;39;;;;;573.5;0.0
4;4900;COCONUT_COUPON;572;49;;;;;573;37;;;;;572.5;0.0
4;5000;COCONUT_COUPON;572;44;;;;;573;44;;;;;572.5;0.0
4;5100;COCONUT_COUPON;572;68;;;;;573;50;;;;;572.5;0.0
4;5200;COCONUT_COUPON;571;40;;;;;572;40;;;;;571.5;0.0
4;5300;COCONUT_COUPON;572;33;;;;;573;33;;;;;572.5;0.0
4;5400;COCONUT_COUPON;569;31;;;;;570;31;;;;;569.5;0.0
4;5500;COCONUT_COUPON;568;36;;;;;569;36;;;;;568.5;0.0
4;5600;COCONUT_COUPON;569;29;;;;;570;29;;;;;569.5;0.0
4;5700;COCONUT_COUPON;568;31;;;;;570;31;;;;;569.0;0.0
4;5800;COCONUT_COUPON;569;35;;;;;570;35;;;;;569.5;0.0
4;5900;COCONUT_COUPON;570;48;;;;;571;42;;;;;570.5;0.0
4;6000;COCONUT_COUPON;570;38;;;;;571;38;;;;;570.5;0.0
4;6100;COCONUT_COUPON;568;33;;;;;569;33;;;;;568.5;0.0
4;6200;COCONUT_COUPON;568;42;;;;;569;32;;;;;568.5;0.0
4;6300;COCONUT_COUPON;566;41;;;;;567;41;;;;;566.5;0.0
4;6400;COCONUT_COUPON;565;24;;;;;566;39;;;;;565.5;0.0
4;6500;COCONUT_COUPON;566;34;;;;;567;34;;;;;566.5;0.0
4;6600;COCONUT_COUPON;565;42;;;;;566;42;;;;;565.5;0.0
4;6700;COCONUT_COUPON;565;36;;;;;566;36;;;;;565.5;0.0
4;6800;COCONUT_COUPON;567;29;;;;;568;29;;;;;567.5;0.0
4;6900;COCONUT_COUPON;565;44;;;;;566;44;;;;;565.5;0.0
4;7000;COCONUT_COUPON;564;37;;;;;565;37;;;;;564.5;0.0
4;7100;COCONUT_COUPON;563;40;;;;;564;40;;;;;563.5;0.0
4;7200;COCONUT_COUPON;564;36;;;;;565;36;;;;;564.5;0.0
4;7300;COCONUT_COUPON;564;40;;;;;565;40;;;;;564.5;0.0
4;7400;COCONUT_COUPON;562;34;;;;;563;34;;;;;562.5;0.0
4;7500;COCONUT_COUPON;562;39;;;;;563;39;;;;;562.5;0.0
4;7600;COCONUT_COUPON;562;28;;;;;563;28;;;;;562.5;0.0
4;7700;COCONUT_COUPON;563;32;;;;;564;32;;;;;563.5;0.0
4;7800;COCONUT_COUPON;562;33;;;;;563;33;;;;;562.5;0.0
4;7900;COCONUT_COUPON;564;37;;;;;566;37;;;;;565.0;0.0
4;8000;COCONUT_COUPON;563;46;;;;;564;46;;;;;563.5;0.0
4;8100;COCONUT_COUPON;561;37;;;;;562;37;;;;;561.5;0.0
4;8200;COCONUT_COUPON;562;45;;;;;563;45;;;;;562.5;0.0
4;8300;COCONUT_COUPON;561;15;;;;;562;34;;;;;561.5;0.0
4;8400;COCONUT_COUPON;560;34;;;;;561;34;;;;;560.5;0.0
4;8500;COCONUT_COUPON;559;48;;;;;560;48;;;;;559.5;0.0
4;8600;COCONUT_COUPON;562;48;;;;;563;48;;;;;562.5;0.0
4;8700;COCONUT_COUPON;561;35;;;;;562;35;;;;;561.5;0.0
4;8800;COCONUT_COUPON;560;51;;;;;561;51;;;;;560.5;0.0
4;8900;COCONUT_COUPON;560;51;;;;;561;37;;;;;560.5;0.0
4;9000;COCONUT_COUPON;560;33;;;;;561;33;;;;;560.5;0.0
4;9100;COCONUT_COUPON;562;1;561.0;48.0;;;563;49;;;;;562.0;0.0
4;9200;COCONUT_COUPON;563;33;;;;;564;33;;;;;563.5;0.0
4;9300;COCONUT_COUPON;560;42;;;;;561;42;;;;;560.5;0.0
4;9400;COCONUT_COUPON;561;43;;;;;562;43;;;;;561.5;0.0
4;9500;COCONUT_COUPON;561;35;;;;;562;44;;;;;561.5;0.0
4;9600;COCONUT_COUPON;561;33;;;;;562;33;;;;;561.5;0.0
4;9700;COCONUT_COUPON;563;47;;;;;564;47;;;;;563.5;0.0
4;9800;COCONUT_COUPON;561;40;;;;;562;40;;;;;561.5;0.0
4;9900;COCONUT_COUPON;561;37;;;;;562;37;;;;;561.5;0.0
4;10000;COCONUT_COUPON;562;37;;;;;563;37;;;;;562.5;0.0
4;10100;COCONUT_COUPON;562;33;;;;;563;50;;;;;562.5;0.0
4;10200;COCONUT_COUPON;564;33;;;;;565;33;;;;;564.5;0.0
4;10300;COCONUT_COUPON;563;35;;;;;564;35;;;;;563.5;0.0
4;10400;COCONUT_COUPON;565;51;;;;;566;40;;;;;565.5;0.0
4;10500;COCONUT_COUPON;565;34;;;;;566;34;;;;;565.5;0.0
4;10600;COCONUT_COUPON;565;38;;;;;567;38;;;;;566.0;0.0
4;10700;COCONUT_COUPON;567;36;;;;;568;36;;;;;567.5;0.0
4;10800;COCONUT_COUPON;567;35;;;;;568;35;;;;;567.5;0.0
4;10900;COCONUT_COUPON;566;47;;;;;567;47;;;;;566.5;0.0
4;11000;COCONUT_COUPON;566;35;;;;;567;35;;;;;566.5;0.0
4;11100;COCONUT_COUPON;567;43;;;;;568;43;;;;;567.5;0.0
4;11200;COCONUT_COUPON;566;49;;;;;567;49;;;;;566.5;0.0
4;11300;COCONUT_COUPON;566;35;;;;;567;35;;;;;566.5;0.0
4;11400;COCONUT_COUPON;566;34;;;;;567;34;;;;;566.5;0.0
4;11500;COCONUT_COUPON;566;42;;;;;567;42;;;;;566.5;0.0
4;11600;COCONUT_COUPON;568;40;;;;;569;40;;;;;568.5;0.0
4;11700;COCONUT_COUPON;569;29;;;;;570;29;;;;;569.5;0.0
4;11800;COCONUT_COUPON;570;35;;;;;571;35;;;;;570.5;0.0
4;11900;COCONUT_COUPON;570;40;;;;;571;40;;;;;570.5;0.0
4;12000;COCONUT_COUPON;571;41;;;;;572;41;;;;;571.5;0.0
4;12100;COCONUT_COUPON;572;16;571.0;42.0;;;573;42;;;;;572.0;0.0
4;12200;COCONUT_COUPON;571;2;570.0;39.0;;;572;41;;;;;571.0;0.0
4;12300;COCONUT_COUPON;570;48;;;;;571;48;;;;;570.5;0.0
4;12400;COCONUT_COUPON;571;36;;;;;572;36;;;;;571.5;0.0
4;12500;COCONUT_COUPON;569;38;;;;;570;38;;;;;569.5;0.0
4;12600;COCONUT_COUPON;571;44;;;;;572;44;;;;;571.5;0.0
4;12700;COCONUT_COUPON;570;51;;;;;571;51;;;;;570.5;0.0
4;12800;COCONUT_COUPON;570;46;;;;;571;46;;;;;570.5;0.0
4;12900;COCONUT_COUPON;570;45;;;;;571;45;;;;;570.5;0.0
4;13000;COCONUT_COUPON;570;40;;;;;571;40;;;;;570.5;0.0
4;13100;COCONUT_COUPON;570;40;;;;;571;40;;;;;570.5;0.0
4;13200;COCONUT_COUPON;570;32;;;;;571;32;;;;;570.5;0.0
4;13300;COCONUT_COUPON;569;47;;;;;570;47;;;;;569.5;0.0
4;13400;COCONUT_COUPON;569;3;568.0;43.0;;;570;43;;;;;569.0;0.0
4;13500;COCONUT_COUPON;568;28;;;;;569;28;;;;;568.5;0.0
4;13600;COCONUT_COUPON;567;38;;;;;568;38;;;;;567.5;0.0
4;13700;COCONUT_COUPON;568;45;;;;;569;45;;;;;568.5;0.0
4;13800;COCONUT_COUPON;568;39;;;;;569;1;570.0;38.0;;;569.0;0.0
4;13900;COCONUT_COUPON;569;50;;;;;570;50;;;;;569.5;0.0
4;14000;COCONUT_COUPON;570;40;;;;;571;40;;;;;570.5;0.0
4;14100;COCONUT_COUPON;569;35;;;;;570;35;;;;;569.5;0.0
4;14200;COCONUT_COUPON;568;37;;;;;569;37;;;;;568.5;0.0
4;14300;COCONUT_COUPON;568;37;;;;;569;37;;;;;568.5;0.0
4;14400;COCONUT_COUPON;571;37;;;;;572;37;;;;;571.5;0.0
4;14500;COCONUT_COUPON;572;38;;;;;573;38;;;;;572.5;0.0
4;14600;COCONUT_COUPON;572;31;;;;;573;31;;;;;572.5;0.0
4;14700;COCONUT_COUPON;573;41;;;;;575;41;;;;;574.0;0.0
4;14800;COCONUT_COUPON;572;34;;;;;573;34;;;;;572.5;0.0
4;14900;COCONUT_COUPON;571;38;;;;;572;38;;;;;571.5;0.0
4;15000;COCONUT_COUPON;572;46;;;;;573;46;;;;;572.5;0.0
4;15100;COCONUT_COUPON;573;10;;;;;574;29;;;;;573.5;0.0
4;15200;COCONUT_COUPON;573;39;;;;;574;39;;;;;573.5;0.0
4;15300;COCONUT_COUPON;573;16;;;;;574;34;;;;;573.5;0.0
4;15400;COCONUT_COUPON;571;46;;;;;572;46;;;;;571.5;0.0
4;15500;COCONUT_COUPON;572;38;;;;;573;38;;;;;572.5;0.0
4;15600;COCONUT_COUPON;575;57;;;;;576;37;;;;;575.5;0.0
4;15700;COCONUT_COUPON;577;43;;;;;578;43;;;;;577.5;0.0
4;15800;COCONUT_COUPON;577;15;;;;;578;32;;;;;577.5;0.0
4;15900;COCONUT_COUPON;577;46;;;;;579;46;;;;;578.0;0.0
4;16000;COCONUT_COUPON;578;47;;;;;579;47;;;;;578.5;0.0
4;16100;COCONUT_COUPON;579;28;;;;;580;28;;;;;579.5;0.0
4;16200;COCONUT_COUPON;579;36;;;;;580;36;;;;;579.5;0.0
4;16300;COCONUT_COUPON;579;37;;;;;580;37;;;;;579.5;0.0
4;16400;COCONUT_COUPON;581;31;;;;;582;31;;;;;581.5;0.0
4;16500;COCONUT_COUPON;581;36;;;;;582;36;;;;;581.5;0.0
4;16600;COCONUT_COUPON;582;29;;;;;583;29;;;;;582.5;0.0
4;16700;COCONUT_COUPON;581;37;;;;;582;14;583.0;23.0;;;582.0;0.0
4;16800;COCONUT_COUPON;581;58;;;;;582;40;;;;;581.5;0.0
4;16900;COCONUT_COUPON;581;34;;;;;582;34;;;;;581.5;0.0
4;17000;COCONUT_COUPON;580;11;;;;;581;28;;;;;580.5;0.0
4;17100;COCONUT_COUPON;582;40;;;;;583;40;;;;;582.5;0.0
4;17200;COCONUT_COUPON;581;54;;;;;582;44;;;;;581.5;0.0
4;17300;COCONUT_COUPON;581;40;;;;;582;40;;;;;581.5;0.0
4;17400;COCONUT_COUPON;582;39;;;;;583;39;;;;;582.5;0.0
4;17500;COCONUT_COUPON;584;55;;;;;585;43;;;;;584.5;0.0
4;17600;COCONUT_COUPON;584;41;;;;;585;41;;;;;584.5;0.0
4;17700;COCONUT_COUPON;585;40;;;;;586;40;;;;;585.5;0.0
4;17800;COCONUT_COUPON;586;37;;;;;587;37;;;;;586.5;0.0
4;17900;COCONUT_COUPON;586;45;;;;;587;45;;;;;586.5;0.0
4;18000;COCONUT_COUPON;587;39;;;;;588;39;;;;;587.5;0.0
4;18100;COCONUT_COUPON;588;33;;;;;589;33;;;;;588.5;0.0
4;18200;COCONUT_COUPON;585;36;;;;;586;36;;;;;585.5;0.0
4;18300;COCONUT_COUPON;585;37;;;;;586;37;;;;;585.5;0.0
4;18400;COCONUT_COUPON;584;42;;;;;585;42;;;;;584.5;0.0
4;18500;COCONUT_COUPON;583;36;;;;;584;36;;;;;583.5;0.0
4;18600;COCONUT_COUPON;583;36;;;;;584;36;;;;;583.5;0.0
4;18700;COCONUT_COUPON;583;36;;;;;584;36;;;;;583.5;0.0
4;18800;COCONUT_COUPON;583;38;;;;;584;38;;;;;583.5;0.0
4;18900;COCONUT_COUPON;583;29;;;;;584;29;;;;;583.5;0.0
4;19000;COCONUT_COUPON;581;65;;;;;582;51;;;;;581.5;0.0
4;19100;COCONUT_COUPON;580;31;;;;;581;31;;;;;580.5;0.0
4;19200;COCONUT_COUPON;577;32;;;;;579;32;;;;;578.0;0.0
4;19300;COCONUT_COUPON;578;37;;;;;579;37;;;;;578.5;0.0
4;19400;COCONUT_COUPON;579;37;;;;;580;37;;;;;579.5;0.0
4;19500;COCONUT_COUPON;579;56;;;;;580;41;;;;;579.5;0.0
4;19600;COCONUT_COUPON;578;31;;;;;579;31;;;;;578.5;0.0
4;19700;COCONUT_COUPON;576;38;;;;;577;38;;;;;576.5;0.0
4;19800;COCONUT_COUPON;575;32;;;;;576;32;;;;;575.5;0.0
4;19900;COCONUT_COUPON;576;47;;;;;577;47;;;;;576.5;0.0
4;20000;COCONUT_COUPON;576;40;;;;;577;40;;;;;576.5;0.0
4;20100;COCONUT_COUPON;577;51;;;;;578;38;;;;;577.5;0.0
4;20200;COCONUT_COUPON;576;41;;;;;577;34;;;;;576.5;0.0
4;20300;COCONUT_COUPON;578;39;;;;;579;39;;;;;578.5;0.0
4;20400;COCONUT_COUPON;577;48;;;;;578;48;;;;;577.5;0.0
4;20500;COCONUT_COUPON;576;60;;;;;577;46;;;;;576.5;0.0
4;20600;COCONUT_COUPON;576;57;;;;;577;47;;;;;576.5;0.0
4;20700;COCONUT_COUPON;576;33;;;;;577;33;;;;;576.5;0.0
4;20800;COCONUT_COUPON;577;44;;;;;578;44;;;;;577.5;0.0
4;20900;COCONUT_COUPON;577;33;;;;;578;33;;;;;577.5;0.0
4;21000;COCONUT_COUPON;575;40;;;;;576;22;577.0;18.0;;;575.5;0.0
4;21100;COCONUT_COUPON;575;43;;;;;576;43;;;;;575.5;0.0
4;21200;COCONUT_COUPON;575;32;;;;;576;32;;;;;575.5;0.0
4;21300;COCONUT_COUPON;576;42;;;;;577;42;;;;;576.5;0.0
4;21400;COCONUT_COUPON;577;47;;;;;578;47;;;;;577.5;0.0
4;21500;COCONUT_COUPON;577;38;;;;;578;38;;;;;577.5;0.0
4;21600;COCONUT_COUPON;578;38;;;;;579;38;;;;;578.5;0.0
4;21700;COCONUT_COUPON;579;37;;;;;580;37;;;;;579.5;0.0
4;21800;COCONUT_COUPON;582;41;;;;;583;41;;;;;582.5;0.0
4;21900;COCONUT_COUPON;582;37;;;;;583;37;;;;;582.5;0.0
4;22000;COCONUT_COUPON;583;31;;;;;584;31;;;;;583.5;0.0
4;22100;COCONUT_COUPON;581;35;;;;;582;35;;;;;581.5;0.0
4;22200;COCONUT_COUPON;580;40;;;;;581;40;;;;;580.5;0.0
4;22300;COCONUT_COUPON;578;55;;;;;579;35;;;;;578.5;0.0
4;22400;COCONUT_COUPON;582;19;581.0;18.0;;;583;37;;;;;582.5;0.0
4;22500;COCONUT_COUPON;580;32;;;;;581;32;;;;;580.5;0.0
4;22600;COCONUT_COUPON;579;32;;;;;580;32;;;;;579.5;0.0
4;22700;COCONUT_COUPON;581;39;;;;;582;39;;;;;581.5;0.0
4;22800;COCONUT_COUPON;581;45;;;;;582;45;;;;;581.5;0.0
4;22900;COCONUT_COUPON;581;37;;;;;582;32;;;;;581.5;0.0
4;23000;COCONUT_COUPON;582;35;;;;;583;35;;;;;582.5;0.0
4;23100;COCONUT_COUPON;583;35;;;;;584;35;;;;;583.5;0.0
4;23200;COCONUT_COUPON;582;39;;;;;583;39;;;;;582.5;0.0
4;23300;COCONUT_COUPON;584;29;;;;;585;29;;;;;584.5;0.0
4;23400;COCONUT_COUPON;585;41;;;;;586;41;;;;;585.5;0.0
4;23500;COCONUT_COUPON;586;39;;;;;587;39;;;;;586.5;0.0
4;23600;COCONUT_COUPON;584;44;;;;;585;44;;;;;584.5;0.0
4;23700;COCONUT_COUPON;585;31;;;;;587;40;;;;;586.0;0.0
4;23800;COCONUT_COUPON;586;45;;;;;587;22;588.0;23.0;;;587.0;0.0
4;23900;COCONUT_COUPON;586;34;;;;;587;34;;;;;586.5;0.0
4;24000;COCONUT_COUPON;585;41;;;;;586;41;;;;;585.5;0.0
4;24100;COCONUT_COUPON;584;30;;;;;585;30;;;;;584.5;0.0
4;24200;COCONUT_COUPON;583;39;;;;;584;39;;;;;583.5;0.0
4;24300;COCONUT_COUPON;583;40;;;;;584;40;;;;;583.5;0.0
4;24400;COCONUT_COUPON;584;27;;;;;585;27;;;;;584.5;0.0
4;24500;COCONUT_COUPON;585;37;;;;;586;37;;;;;585.5;0.0
4;24600;COCONUT_COUPON;585;24;;;;;586;40;;;;;585.5;0.0
4;24700;COCONUT_COUPON;587;26;;;;;588;38;;;;;587.5;0.0
4;24800;COCONUT_COUPON;586;42;;;;;587;42;;;;;586.5;0.0
4;24900;COCONUT_COUPON;585;33;;;;;586;33;;;;;585.5;0.0
4;25000;COCONUT_COUPON;585;33;;;;;586;33;;;;;585.5;0.0
4;25100;COCONUT_COUPON;585;23;;;;;586;35;;;;;585.5;0.0
4;25200;COCONUT_COUPON;583;38;;;;;585;38;;;;;584.0;0.0
4;25300;COCONUT_COUPON;585;44;;;;;586;44;;;;;585.5;0.0
4;25400;COCONUT_COUPON;582;44;;;;;584;44;;;;;583.0;0.0
4;25500;COCONUT_COUPON;582;35;;;;;583;39;;;;;582.5;0.0
4;25600;COCONUT_COUPON;584;31;;;;;585;40;;;;;584.5;0.0
4;25700;COCONUT_COUPON;584;40;;;;;585;40;;;;;584.5;0.0
4;25800;COCONUT_COUPON;584;25;;;;;585;37;;;;;584.5;0.0
4;25900;COCONUT_COUPON;583;48;;;;;584;48;;;;;583.5;0.0
4;26000;COCONUT_COUPON;584;35;;;;;585;35;;;;;584.5;0.0
4;26100;COCONUT_COUPON;585;35;;;;;586;35;;;;;585.5;0.0
4;26200;COCONUT_COUPON;584;36;;;;;585;36;;;;;584.5;0.0
4;26300;COCONUT_COUPON;584;38;;;;;585;38;;;;;584.5;0.0
4;26400;COCONUT_COUPON;581;29;;;;;582;29;;;;;581.5;0.0
4;26500;COCONUT_COUPON;582;43;;;;;583;43;;;;;582.5;0.0
4;26600;COCONUT_COUPON;583;43;;;;;584;43;;;;;583.5;0.0
4;26700;COCONUT_COUPON;583;44;;;;;584;44;;;;;583.5;0.0
4;26800;COCONUT_COUPON;584;36;;;;;585;36;;;;;584.5;0.0
4;26900;COCONUT_COUPON;585;37;;;;;586;37;;;;;585.5;0.0
4;27000;COCONUT_COUPON;584;41;;;;;585;41;;;;;584.5;0.0
4;27100;COCONUT_COUPON;586;27;;;;;587;43;;;;;586.5;0.0
4;27200;COCONUT_COUPON;586;48;;;;;587;48;;;;;586.5;0.0
4;27300;COCONUT_COUPON;585;38;;;;;586;38;;;;;585.5;0.0
4;27400;COCONUT_COUPON;586;29;;;;;587;29;;;;;586.5;0.0
4;27500;COCONUT_COUPON;587;47;;;;;588;47;;;;;587.5;0.0
4;27600;COCONUT_COUPON;585;59;;;;;587;46;;;;;586.0;0.0
4;27700;COCONUT_COUPON;586;31;;;;;587;31;;;;;586.5;0.0
4;27800;COCONUT_COUPON;586;31;;;;;587;31;;;;;586.5;0.0
4;27900;COCONUT_COUPON;586;36;;;;;587;36;;;;;586.5;0.0
4;28000;COCONUT_COUPON;585;40;;;;;586;40;;;;;585.5;0.0
4;28100;COCONUT_COUPON;585;44;;;;;586;36;;;;;585.5;0.0
4;28200;COCONUT_COUPON;586;36;;;;;587;36;;;;;586.5;0.0
4;28300;COCONUT_COUPON;586;47;;;;;587;42;;;;;586.5;0.0
4;28400;COCONUT_COUPON;586;31;;;;;587;31;;;;;586.5;0.0
4;28500;COCONUT_COUPON;585;35;;;;;586;35;;;;;585.5;0.0
4;28600;COCONUT_COUPON;582;31;;;;;583;31;;;;;582.5;0.0
4;28700;COCONUT_COUPON;583;34;;;;;584;34;;;;;583.5;0.0
4;28800;COCONUT_COUPON;585;43;;;;;586;43;;;;;585.5;0.0
4;28900;COCONUT_COUPON;587;33;;;;;588;33;;;;;587.5;0.0
4;29000;COCONUT_COUPON;587;34;;;;;588;34;;;;;587.5;0.0
4;29100;COCONUT_COUPON;588;45;;;;;589;45;;;;;588.5;0.0
4;29200;COCONUT_COUPON;587;35;;;;;588;35;;;;;587.5;0.0
4;29300;COCONUT_COUPON;587;37;;;;;589;37;;;;;588.0;0.0
4;29400;COCONUT_COUPON;587;28;;;;;588;28;;;;;587.5;0.0
4;29500;COCONUT_COUPON;589;51;;;;;590;38;;;;;589.5;0.0
4;29600;COCONUT_COUPON;588;31;;;;;589;31;;;;;588.5;0.0
4;29700;COCONUT_COUPON;587;52;;;;;588;37;;;;;587.5;0.0
4;29800;COCONUT_COUPON;588;63;;;;;589;45;;;;;588.5;0.0
4;29900;COCONUT_COUPON;587;59;;;;;588;42;;;;;587.5;0.0
4;30000;COCONUT_COUPON;587;38;;;;;588;38;;;;;587.5;0.0
4;30100;COCONUT_COUPON;586;38;;;;;587;38;;;;;586.5;0.0
4;30200;COCONUT_COUPON;585;32;;;;;586;32;;;;;585.5;0.0
4;30300;COCONUT_COUPON;588;53;;;;;589;46;;;;;588.5;0.0
4;30400;COCONUT_COUPON;588;40;;;;;589;40;;;;;588.5;0.0
4;30500;COCONUT_COUPON;588;35;;;;;590;35;;;;;589.0;0.0
4;30600;COCONUT_COUPON;587;32;;;;;588;32;;;;;587.5;0.0
4;30700;COCONUT_COUPON;588;2;587.0;36.0;;;589;38;;;;;588.0;0.0
4;30800;COCONUT_COUPON;589;36;;;;;590;36;;;;;589.5;0.0
4;30900;COCONUT_COUPON;590;39;;;;;591;39;;;;;590.5;0.0
4;31000;COCONUT_COUPON;590;30;;;;;591;41;;;;;590.5;0.0
4;31100;COCONUT_COUPON;591;43;;;;;592;43;;;;;591.5;0.0
4;31200;COCONUT_COUPON;590;42;;;;;591;42;;;;;590.5;0.0
4;31300;COCONUT_COUPON;589;34;;;;;590;34;;;;;589.5;0.0
4;31400;COCONUT_COUPON;588;29;;;;;589;29;;;;;588.5;0.0
4;31500;COCONUT_COUPON;589;55;;;;;590;42;;;;;589.5;0.0
4;31600;COCONUT_COUPON;588;35;;;;;589;35;;;;;588.5;0.0
4;31700;COCONUT_COUPON;586;36;;;;;587;36;;;;;586.5;0.0
4;31800;COCONUT_COUPON;587;37;;;;;588;37;;;;;587.5;0.0
4;31900;COCONUT_COUPON;587;44;;;;;588;44;;;;;587.5;0.0
4;32000;COCONUT_COUPON;586;39;;;;;587;39;;;;;586.5;0.0
4;32100;COCONUT_COUPON;584;17;;;;;585;33;;;;;584.5;0.0
4;32200;COCONUT_COUPON;584;32;;;;;585;32;;;;;584.5;0.0
4;32300;COCONUT_COUPON;583;37;;;;;585;37;;;;;584.0;0.0
4;32400;COCONUT_COUPON;584;39;;;;;585;39;;;;;584.5;0.0
4;32500;COCONUT_COUPON;582;33;;;;;584;33;;;;;583.0;0.0
4;32600;COCONUT_COUPON;583;34;;;;;584;34;;;;;583.5;0.0
4;32700;COCONUT_COUPON;583;37;;;;;584;37;;;;;583.5;0.0
4;32800;COCONUT_COUPON;584;39;;;;;586;39;;;;;585.0;0.0
4;32900;COCONUT_COUPON;584;38;;;;;586;38;;;;;585.0;0.0
4;33000;COCONUT_COUPON;585;34;;;;;586;34;;;;;585.5;0.0
4;33100;COCONUT_COUPON;584;27;;;;;586;27;;;;;585.0;0.0
4;33200;COCONUT_COUPON;583;35;;;;;584;35;;;;;583.5;0.0
4;33300;COCONUT_COUPON;585;43;;;;;586;43;;;;;585.5;0.0
4;33400;COCONUT_COUPON;585;31;;;;;586;31;;;;;585.5;0.0
4;33500;COCONUT_COUPON;586;36;;;;;587;42;;;;;586.5;0.0
4;33600;COCONUT_COUPON;588;44;;;;;589;44;;;;;588.5;0.0
4;33700;COCONUT_COUPON;587;33;;;;;588;33;;;;;587.5;0.0
4;33800;COCONUT_COUPON;587;44;;;;;589;44;;;;;588.0;0.0
4;33900;COCONUT_COUPON;588;29;;;;;589;29;;;;;588.5;0.0
4;34000;COCONUT_COUPON;589;39;;;;;590;39;;;;;589.5;0.0
4;34100;COCONUT_COUPON;588;37;;;;;589;37;;;;;588.5;0.0
4;34200;COCONUT_COUPON;587;11;;;;;588;31;;;;;587.5;0.0
4;34300;COCONUT_COUPON;587;46;;;;;588;46;;;;;587.5;0.0
4;34400;COCONUT_COUPON;588;62;;;;;589;48;;;;;588.5;0.0
4;34500;COCONUT_COUPON;588;34;;;;;589;34;;;;;588.5;0.0
4;34600;COCONUT_COUPON;587;39;;;;;588;39;;;;;587.5;0.0
4;34700;COCONUT_COUPON;586;26;;;;;587;26;;;;;586.5;0.0
4;34800;COCONUT_COUPON;588;1;587.0;39.0;;;589;40;;;;;588.0;0.0
4;34900;COCONUT_COUPON;590;46;;;;;591;46;;;;;590.5;0.0
4;35000;COCONUT_COUPON;591;43;;;;;592;43;;;;;591.5;0.0
4;35100;COCONUT_COUPON;591;36;;;;;592;36;;;;;591.5;0.0
4;35200;COCONUT_COUPON;591;45;;;;;592;45;;;;;591.5;0.0
4;35300;COCONUT_COUPON;590;36;;;;;592;36;;;;;591.0;0.0
4;35400;COCONUT_COUPON;591;46;;;;;592;46;;;;;591.5;0.0
4;35500;COCONUT_COUPON;591;46;;;;;592;46;;;;;591.5;0.0
4;35600;COCONUT_COUPON;592;41;;;;;593;41;;;;;592.5;0.0
4;35700;COCONUT_COUPON;592;40;;;;;593;40;;;;;592.5;0.0
4;35800;COCONUT_COUPON;593;28;;;;;594;28;;;;;593.5;0.0
4;35900;COCONUT_COUPON;593;48;;;;;595;48;;;;;594.0;0.0
4;36000;COCONUT_COUPON;594;41;;;;;595;15;596.0;26.0;;;595.0;0.0
4;36100;COCONUT_COUPON;595;33;;;;;596;33;;;;;595.5;0.0
4;36200;COCONUT_COUPON;595;42;;;;;596;47;;;;;595.5;0.0
4;36300;COCONUT_COUPON;593;1;592.0;47.0;;;594;48;;;;;593.0;0.0
4;36400;COCONUT_COUPON;593;34;;;;;594;34;;;;;593.5;0.0
4;36500;COCONUT_COUPON;593;23;;;;;594;35;;;;;593.5;0.0
4;36600;COCONUT_COUPON;593;41;;;;;594;41;;;;;593.5;0.0
4;36700;COCONUT_COUPON;594;44;;;;;595;44;;;;;594.5;0.0
4;36800;COCONUT_COUPON;592;48;;;;;593;48;;;;;592.5;0.0
4;36900;COCONUT_COUPON;592;36;;;;;593;36;;;;;592.5;0.0
4;37000;COCONUT_COUPON;594;39;;;;;595;39;;;;;594.5;0.0
4;37100;COCONUT_COUPON;593;37;;;;;594;37;;;;;593.5;0.0
4;37200;COCONUT_COUPON;593;47;;;;;594;47;;;;;593.5;0.0
4;37300;COCONUT_COUPON;593;43;;;;;594;43;;;;;593.5;0.0
4;37400;COCONUT_COUPON;595;43;;;;;596;43;;;;;595.5;0.0
4;37500;COCONUT_COUPON;597;34;;;;;598;34;;;;;597.5;0.0
4;37600;COCONUT_COUPON;596;46;;;;;597;46;;;;;596.5;0.0
4;37700;COCONUT_COUPON;596;43;;;;;597;43;;;;;596.5;0.0
4;37800;COCONUT_COUPON;595;38;;;;;596;38;;;;;595.5;0.0
4;37900;COCONUT_COUPON;596;37;;;;;597;41;;;;;596.5;0.0
4;38000;COCONUT_COUPON;596;43;;;;;597;43;;;;;596.5;0.0
4;38100;COCONUT_COUPON;595;30;;;;;596;30;;;;;595.5;0.0
4;38200;COCONUT_COUPON;594;33;;;;;595;33;;;;;594.5;0.0
4;38300;COCONUT_COUPON;595;38;;;;;597;38;;;;;596.0;0.0
4;38400;COCONUT_COUPON;594;35;;;;;595;35;;;;;594.5;0.0
4;38500;COCONUT_COUPON;596;50;;;;;597;34;;;;;596.5;0.0
4;38600;COCONUT_COUPON;598;33;;;;;599;33;;;;;598.5;0.0
4;38700;COCONUT_COUPON;599;39;;;;;600;39;;;;;599.5;0.0
4;38800;COCONUT_COUPON;597;34;;;;;599;34;;;;;598.0;0.0
4;38900;COCONUT_COUPON;598;44;;;;;599;44;;;;;598.5;0.0
4;39000;COCONUT_COUPON;598;47;;;;;599;47;;;;;598.5;0.0
4;39100;COCONUT_COUPON;596;32;;;;;598;32;;;;;597.0;0.0
4;39200;COCONUT_COUPON;596;35;;;;;597;35;;;;;596.5;0.0
4;39300;COCONUT_COUPON;597;42;;;;;598;42;;;;;597.5;0.0
4;39400;COCONUT_COUPON;599;6;598.0;34.0;;;600;34;;;;;599.0;0.0
4;39500;COCONUT_COUPON;601;38;;;;;602;38;;;;;601.5;0.0
4;39600;COCONUT_COUPON;602;33;;;;;603;33;;;;;602.5;0.0
4;39700;COCONUT_COUPON;602;25;;;;;603;43;;;;;602.5;0.0
4;39800;COCONUT_COUPON;603;33;;;;;604;33;;;;;603.5;0.0
4;39900;COCONUT_COUPON;602;36;;;;;603;36;;;;;602.5;0.0
4;40000;COCONUT_COUPON;603;34;;;;;604;34;;;;;603.5;0.0
4;40100;COCONUT_COUPON;602;38;;;;;603;38;;;;;602.5;0.0
4;40200;COCONUT_COUPON;601;53;;;;;602;36;;;;;601.5;0.0
4;40300;COCONUT_COUPON;599;63;;;;;600;49;;;;;599.5;0.0
4;40400;COCONUT_COUPON;601;41;;;;;603;51;;;;;602.0;0.0
4;40500;COCONUT_COUPON;601;46;;;;;603;46;;;;;602.0;0.0
4;40600;COCONUT_COUPON;600;50;;;;;601;36;;;;;600.5;0.0
4;40700;COCONUT_COUPON;599;48;;;;;600;28;;;;;599.5;0.0
4;40800;COCONUT_COUPON;601;32;;;;;602;42;;;;;601.5;0.0
4;40900;COCONUT_COUPON;602;39;;;;;603;39;;;;;602.5;0.0
4;41000;COCONUT_COUPON;603;29;;;;;604;29;;;;;603.5;0.0
4;41100;COCONUT_COUPON;604;38;;;;;605;38;;;;;604.5;0.0
4;41200;COCONUT_COUPON;604;38;;;;;605;38;;;;;604.5;0.0
4;41300;COCONUT_COUPON;605;32;;;;;606;32;;;;;605.5;0.0
4;41400;COCONUT_COUPON;603;33;;;;;604;33;;;;;603.5;0.0
4;41500;COCONUT_COUPON;601;29;;;;;603;29;;;;;602.0;0.0
4;41600;COCONUT_COUPON;605;35;;;;;606;35;;;;;605.5;0.0
4;41700;COCONUT_COUPON;605;47;;;;;606;47;;;;;605.5;0.0
4;41800;COCONUT_COUPON;604;48;;;;;605;48;;;;;604.5;0.0
4;41900;COCONUT_COUPON;603;47;;;;;604;47;;;;;603.5;0.0
4;42000;COCONUT_COUPON;602;45;;;;;603;45;;;;;602.5;0.0
4;42100;COCONUT_COUPON;601;45;;;;;603;45;;;;;602.0;0.0
4;42200;COCONUT_COUPON;602;28;;;;;603;28;;;;;602.5;0.0
4;42300;COCONUT_COUPON;603;45;;;;;604;45;;;;;603.5;0.0
4;42400;COCONUT_COUPON;602;43;;;;;604;43;;;;;603.0;0.0
4;42500;COCONUT_COUPON;605;44;;;;;606;44;;;;;605.5;0.0
4;42600;COCONUT_COUPON;604;38;;;;;605;38;;;;;604.5;0.0
4;42700;COCONUT_COUPON;604;32;;;;;605;32;;;;;604.5;0.0
4;42800;COCONUT_COUPON;604;36;;;;;605;36;;;;;604.5;0.0
4;42900;COCONUT_COUPON;601;41;;;;;602;41;;;;;601.5;0.0
4;43000;COCONUT_COUPON;601;35;;;;;602;35;;;;;601.5;0.0
4;43100;COCONUT_COUPON;601;37;;;;;602;37;;;;;601.5;0.0
4;43200;COCONUT_COUPON;600;40;;;;;601;40;;;;;600.5;0.0
4;43300;COCONUT_COUPON;599;33;;;;;600;33;;;;;599.5;0.0
4;43400;COCONUT_COUPON;599;41;;;;;600;41;;;;;599.5;0.0
4;43500;COCONUT_COUPON;598;38;;;;;599;38;;;;;598.5;0.0
4;43600;COCONUT_COUPON;596;47;;;;;597;47;;;;;596.5;0.0
4;43700;COCONUT_COUPON;597;26;;;;;598;26;;;;;597.5;0.0
4;43800;COCONUT_COUPON;597;52;;;;;598;52;;;;;597.5;0.0
4;43900;COCONUT_COUPON;599;12;598.0;43.0;;;600;43;;;;;599.0;0.0
4;44000;COCONUT_COUPON;598;39;;;;;599;39;;;;;598.5;0.0
4;44100;COCONUT_COUPON;601;35;;;;;602;35;;;;;601.5;0.0
4;44200;COCONUT_COUPON;603;34;;;;;604;1;605.0;33.0;;;604.0;0.0
4;44300;COCONUT_COUPON;602;37;;;;;603;37;;;;;602.5;0.0
4;44400;COCONUT_COUPON;601;35;;;;;602;35;;;;;601.5;0.0
4;44500;COCONUT_COUPON;601;46;;;;;602;46;;;;;601.5;0.0
4;44600;COCONUT_COUPON;599;30;;;;;600;30;;;;;599.5;0.0
4;44700;COCONUT_COUPON;601;39;;;;;602;39;;;;;601.5;0.0
4;44800;COCONUT_COUPON;600;37;;;;;601;37;;;;;600.5;0.0
4;44900;COCONUT_COUPON;602;18;;;;;603;35;;;;;602.5;0.0
4;45000;COCONUT_COUPON;603;43;;;;;604;43;;;;;603.5;0.0
4;45100;COCONUT_COUPON;606;31;;;;;607;31;;;;;606.5;0.0
4;45200;COCONUT_COUPON;606;38;;;;;607;38;;;;;606.5;0.0
4;45300;COCONUT_COUPON;606;6;605.0;39.0;;;607;39;;;;;606.0;0.0
4;45400;COCONUT_COUPON;607;22;;;;;608;38;;;;;607.5;0.0
4;45500;COCONUT_COUPON;607;41;;;;;608;41;;;;;607.5;0.0
4;45600;COCONUT_COUPON;607;60;;;;;608;41;;;;;607.5;0.0
4;45700;COCONUT_COUPON;607;45;;;;;608;45;;;;;607.5;0.0
4;45800;COCONUT_COUPON;606;31;;;;;607;31;;;;;606.5;0.0
4;45900;COCONUT_COUPON;605;41;;;;;606;41;;;;;605.5;0.0
4;46000;COCONUT_COUPON;604;40;;;;;605;40;;;;;604.5;0.0
4;46100;COCONUT_COUPON;604;33;;;;;605;33;;;;;604.5;0.0
4;46200;COCONUT_COUPON;605;35;;;;;606;35;;;;;605.5;0.0
4;46300;COCONUT_COUPON;603;37;;;;;604;37;;;;;603.5;0.0
4;46400;COCONUT_COUPON;603;34;;;;;604;34;;;;;603.5;0.0
4;46500;COCONUT_COUPON;603;43;;;;;605;43;;;;;604.0;0.0
4;46600;COCONUT_COUPON;605;37;;;;;606;37;;;;;605.5;0.0
4;46700;COCONUT_COUPON;606;35;;;;;607;35;;;;;606.5;0.0
4;46800;COCONUT_COUPON;604;44;;;;;605;44;;;;;604.5;0.0
4;46900;COCONUT_COUPON;606;32;;;;;607;32;;;;;606.5;0.0
4;47000;COCONUT_COUPON;608;38;;;;;609;38;;;;;608.5;0.0
4;47100;COCONUT_COUPON;607;38;;;;;608;38;;;;;607.5;0.0
4;47200;COCONUT_COUPON;607;37;;;;;608;37;;;;;607.5;0.0
4;47300;COCONUT_COUPON;607;33;;;;;608;43;;;;;607.5;0.0
4;47400;COCONUT_COUPON;608;31;;;;;609;31;;;;;608.5;0.0
4;47500;COCONUT_COUPON;605;34;;;;;606;34;;;;;605.5;0.0
4;47600;COCONUT_COUPON;604;50;;;;;605;33;;;;;604.5;0.0
4;47700;COCONUT_COUPON;604;35;;;;;605;35;;;;;604.5;0.0
4;47800;COCONUT_COUPON;603;40;;;;;604;40;;;;;603.5;0.0
4;47900;COCONUT_COUPON;605;33;;;;;606;33;;;;;605.5;0.0
4;48000;COCONUT_COUPON;602;46;;;;;603;46;;;;;602.5;0.0
4;48100;COCONUT_COUPON;602;35;;;;;604;35;;;;;603.0;0.0
4;48200;COCONUT_COUPON;603;44;;;;;604;44;;;;;603.5;0.0
4;48300;COCONUT_COUPON;605;30;;;;;606;30;;;;;605.5;0.0
4;48400;COCONUT_COUPON;604;35;;;;;605;35;;;;;604.5;0.0
4;48500;COCONUT_COUPON;604;35;;;;;605;35;;;;;604.5;0.0
4;48600;COCONUT_COUPON;603;14;602.0;18.0;;;604;32;;;;;603.0;0.0
4;48700;COCONUT_COUPON;603;43;;;;;604;43;;;;;603.5;0.0
4;48800;COCONUT_COUPON;604;39;;;;;605;39;;;;;604.5;0.0
4;48900;COCONUT_COUPON;604;40;;;;;605;40;;;;;604.5;0.0
4;49000;COCONUT_COUPON;604;32;;;;;605;32;;;;;604.5;0.0
4;49100;COCONUT_COUPON;604;41;;;;;605;41;;;;;604.5;0.0
4;49200;COCONUT_COUPON;604;47;;;;;605;47;;;;;604.5;0.0
4;49300;COCONUT_COUPON;603;43;;;;;604;43;;;;;603.5;0.0
4;49400;COCONUT_COUPON;605;30;;;;;606;40;;;;;605.5;0.0
4;49500;COCONUT_COUPON;606;30;;;;;607;30;;;;;606.5;0.0
4;49600;COCONUT_COUPON;605;41;;;;;606;41;;;;;605.5;0.0
4;49700;COCONUT_COUPON;606;47;;;;;607;47;;;;;606.5;0.0
4;49800;COCONUT_COUPON;606;30;;;;;607;44;;;;;606.5;0.0
4;49900;COCONUT_COUPON;606;39;;;;;607;39;;;;;606.5;0.0
4;50000;COCONUT_COUPON;608;38;;;;;609;38;;;;;608.5;0.0
4;50100;COCONUT_COUPON;607;29;;;;;608;1;609.0;28.0;;;608.0;0.0
4;50200;COCONUT_COUPON;606;35;;;;;608;35;;;;;607.0;0.0
4;50300;COCONUT_COUPON;605;41;;;;;606;41;;;;;605.5;0.0
4;50400;COCONUT_COUPON;605;44;;;;;606;44;;;;;605.5;0.0
4;50500;COCONUT_COUPON;607;40;;;;;608;40;;;;;607.5;0.0
4;50600;COCONUT_COUPON;607;48;;;;;608;29;;;;;607.5;0.0
4;50700;COCONUT_COUPON;607;28;;;;;608;28;;;;;607.5;0.0
4;50800;COCONUT_COUPON;606;47;;;;;607;47;;;;;606.5;0.0
4;50900;COCONUT_COUPON;607;40;;;;;608;47;;;;;607.5;0.0
4;51000;COCONUT_COUPON;607;21;;;;;608;38;;;;;607.5;0.0
4;51100;COCONUT_COUPON;608;34;;;;;609;34;;;;;608.5;0.0
4;51200;COCONUT_COUPON;608;57;;;;;609;46;;;;;608.5;0.0
4;51300;COCONUT_COUPON;609;36;;;;;610;36;;;;;609.5;0.0
4;51400;COCONUT_COUPON;609;42;;;;;610;27;;;;;609.5;0.0
4;51500;COCONUT_COUPON;610;32;;;;;611;32;;;;;610.5;0.0
4;51600;COCONUT_COUPON;609;20;;;;;610;36;;;;;609.5;0.0
4;51700;COCONUT_COUPON;609;39;;;;;610;39;;;;;609.5;0.0
4;51800;COCONUT_COUPON;609;41;;;;;610;41;;;;;609.5;0.0
4;51900;COCONUT_COUPON;608;46;;;;;609;46;;;;;608.5;0.0
4;52000;COCONUT_COUPON;610;42;;;;;611;42;;;;;610.5;0.0
4;52100;COCONUT_COUPON;610;30;;;;;611;30;;;;;610.5;0.0
4;52200;COCONUT_COUPON;610;63;;;;;611;43;;;;;610.5;0.0
4;52300;COCONUT_COUPON;609;51;;;;;610;51;;;;;609.5;0.0
4;52400;COCONUT_COUPON;608;29;;;;;610;29;;;;;609.0;0.0
4;52500;COCONUT_COUPON;607;33;;;;;608;33;;;;;607.5;0.0
4;52600;COCONUT_COUPON;605;27;;;;;606;27;;;;;605.5;0.0
4;52700;COCONUT_COUPON;605;36;;;;;606;36;;;;;605.5;0.0
4;52800;COCONUT_COUPON;605;42;;;;;606;42;;;;;605.5;0.0
4;52900;COCONUT_COUPON;604;37;;;;;605;37;;;;;604.5;0.0
4;53000;COCONUT_COUPON;604;36;;;;;605;36;;;;;604.5;0.0
4;53100;COCONUT_COUPON;605;50;;;;;606;50;;;;;605.5;0.0
4;53200;COCONUT_COUPON;602;37;;;;;603;37;;;;;602.5;0.0
4;53300;COCONUT_COUPON;600;46;;;;;601;39;;;;;600.5;0.0
4;53400;COCONUT_COUPON;602;36;;;;;603;36;;;;;602.5;0.0
4;53500;COCONUT_COUPON;602;47;;;;;603;47;;;;;602.5;0.0
4;53600;COCONUT_COUPON;603;37;;;;;604;37;;;;;603.5;0.0
4;53700;COCONUT_COUPON;604;43;;;;;605;43;;;;;604.5;0.0
4;53800;COCONUT_COUPON;604;27;;;;;605;27;;;;;604.5;0.0
4;53900;COCONUT_COUPON;605;46;;;;;606;46;;;;;605.5;0.0
4;54000;COCONUT_COUPON;605;40;;;;;606;40;;;;;605.5;0.0
4;54100;COCONUT_COUPON;605;36;;;;;606;36;;;;;605.5;0.0
4;54200;COCONUT_COUPON;605;37;;;;;606;37;;;;;605.5;0.0
4;54300;COCONUT_COUPON;605;45;;;;;606;45;;;;;605.5;0.0
4;54400;COCONUT_COUPON;604;49;;;;;605;49;;;;;604.5;0.0
4;54500;COCONUT_COUPON;605;40;;;;;606;40;;;;;605.5;0.0
4;54600;COCONUT_COUPON;603;42;;;;;604;42;;;;;603.5;0.0
4;54700;COCONUT_COUPON;604;40;;;;;605;40;;;;;604.5;0.0
4;54800;COCONUT_COUPON;602;41;;;;;603;41;;;;;602.5;0.0
4;54900;COCONUT_COUPON;602;45;;;;;603;18;604.0;27.0;;;603.0;0.0
4;55000;COCONUT_COUPON;601;40;;;;;603;40;;;;;602.0;0.0
4;55100;COCONUT_COUPON;602;32;;;;;603;32;;;;;602.5;0.0
4;55200;COCONUT_COUPON;602;45;;;;;604;45;;;;;603.0;0.0
4;55300;COCONUT_COUPON;604;45;;;;;605;45;;;;;604.5;0.0
4;55400;COCONUT_COUPON;605;17;;;;;606;32;;;;;605.5;0.0
4;55500;COCONUT_COUPON;604;31;;;;;605;45;;;;;604.5;0.0
4;55600;COCONUT_COUPON;605;29;;;;;606;29;;;;;605.5;0.0
4;55700;COCONUT_COUPON;605;38;;;;;606;38;;;;;605.5;0.0
4;55800;COCONUT_COUPON;603;40;;;;;605;40;;;;;604.0;0.0
4;55900;COCONUT_COUPON;602;35;;;;;604;35;;;;;603.0;0.0
4;56000;COCONUT_COUPON;602;41;;;;;603;19;604.0;22.0;;;603.0;0.0
4;56100;COCONUT_COUPON;602;42;;;;;603;42;;;;;602.5;0.0
4;56200;COCONUT_COUPON;602;43;;;;;603;43;;;;;602.5;0.0
4;56300;COCONUT_COUPON;601;41;;;;;602;41;;;;;601.5;0.0
4;56400;COCONUT_COUPON;603;33;;;;;604;33;;;;;603.5;0.0
4;56500;COCONUT_COUPON;602;50;;;;;603;50;;;;;602.5;0.0
4;56600;COCONUT_COUPON;602;41;;;;;603;41;;;;;602.5;0.0
4;56700;COCONUT_COUPON;601;30;;;;;602;30;;;;;601.5;0.0
4;56800;COCONUT_COUPON;601;43;;;;;602;43;;;;;601.5;0.0
4;56900;COCONUT_COUPON;601;47;;;;;602;31;;;;;601.5;0.0
4;57000;COCONUT_COUPON;599;31;;;;;600;31;;;;;599.5;0.0
4;57100;COCONUT_COUPON;599;36;;;;;600;36;;;;;599.5;0.0
4;57200;COCONUT_COUPON;599;30;;;;;600;30;;;;;599.5;0.0
4;57300;COCONUT_COUPON;599;44;;;;;600;44;;;;;599.5;0.0
4;57400;COCONUT_COUPON;599;45;;;;;600;45;;;;;599.5;0.0
4;57500;COCONUT_COUPON;598;53;;;;;599;44;;;;;598.5;0.0
4;57600;COCONUT_COUPON;598;50;;;;;599;50;;;;;598.5;0.0
4;57700;COCONUT_COUPON;599;31;;;;;601;31;;;;;600.0;0.0
4;57800;COCONUT_COUPON;601;30;;;;;602;30;;;;;601.5;0.0
4;57900;COCONUT_COUPON;601;43;;;;;602;43;;;;;601.5;0.0
4;58000;COCONUT_COUPON;599;37;;;;;600;37;;;;;599.5;0.0
4;58100;COCONUT_COUPON;600;40;;;;;601;40;;;;;600.5;0.0
4;58200;COCONUT_COUPON;601;38;;;;;602;38;;;;;601.5;0.0
4;58300;COCONUT_COUPON;602;48;;;;;603;48;;;;;602.5;0.0
4;58400;COCONUT_COUPON;601;36;;;;;602;36;;;;;601.5;0.0
4;58500;COCONUT_COUPON;602;42;;;;;603;42;;;;;602.5;0.0
4;58600;COCONUT_COUPON;601;30;;;;;602;30;;;;;601.5;0.0
4;58700;COCONUT_COUPON;603;19;602.0;16.0;;;604;35;;;;;603.5;0.0
4;58800;COCONUT_COUPON;602;45;;;;;603;45;;;;;602.5;0.0
4;58900;COCONUT_COUPON;601;25;;;;;602;45;;;;;601.5;0.0
4;59000;COCONUT_COUPON;601;44;;;;;602;44;;;;;601.5;0.0
4;59100;COCONUT_COUPON;600;15;599.0;23.0;;;601;38;;;;;600.0;0.0
4;59200;COCONUT_COUPON;601;37;;;;;602;37;;;;;601.5;0.0
4;59300;COCONUT_COUPON;602;26;;;;;603;26;;;;;602.5;0.0
4;59400;COCONUT_COUPON;600;43;;;;;602;43;;;;;601.0;0.0
4;59500;COCONUT_COUPON;598;14;;;;;600;30;;;;;599.0;0.0
4;59600;COCONUT_COUPON;599;27;;;;;600;27;;;;;599.5;0.0
4;59700;COCONUT_COUPON;597;46;;;;;598;46;;;;;597.5;0.0
4;59800;COCONUT_COUPON;598;43;;;;;599;43;;;;;598.5;0.0
4;59900;COCONUT_COUPON;597;33;;;;;598;33;;;;;597.5;0.0
4;60000;COCONUT_COUPON;596;27;;;;;597;27;;;;;596.5;0.0
4;60100;COCONUT_COUPON;596;43;;;;;597;43;;;;;596.5;0.0
4;60200;COCONUT_COUPON;596;33;;;;;597;33;;;;;596.5;0.0
4;60300;COCONUT_COUPON;596;35;;;;;597;35;;;;;596.5;0.0
4;60400;COCONUT_COUPON;596;38;;;;;597;38;;;;;596.5;0.0
4;60500;COCONUT_COUPON;595;32;;;;;596;32;;;;;595.5;0.0
4;60600;COCONUT_COUPON;593;45;;;;;594;45;;;;;593.5;0.0
4;60700;COCONUT_COUPON;593;35;;;;;594;35;;;;;593.5;0.0
4;60800;COCONUT_COUPON;593;40;;;;;594;40;;;;;593.5;0.0
4;60900;COCONUT_COUPON;593;29;;;;;594;29;;;;;593.5;0.0
4;61000;COCONUT_COUPON;595;34;;;;;596;34;;;;;595.5;0.0
4;61100;COCONUT_COUPON;596;43;;;;;597;43;;;;;596.5;0.0
4;61200;COCONUT_COUPON;595;31;;;;;597;31;;;;;596.0;0.0
4;61300;COCONUT_COUPON;594;35;;;;;595;35;;;;;594.5;0.0
4;61400;COCONUT_COUPON;593;37;;;;;595;37;;;;;594.0;0.0
4;61500;COCONUT_COUPON;592;38;;;;;593;38;;;;;592.5;0.0
4;61600;COCONUT_COUPON;593;32;;;;;594;32;;;;;593.5;0.0
4;61700;COCONUT_COUPON;594;40;;;;;595;40;;;;;594.5;0.0
4;61800;COCONUT_COUPON;595;39;;;;;596;39;;;;;595.5;0.0
4;61900;COCONUT_COUPON;593;46;;;;;594;46;;;;;593.5;0.0
4;62000;COCONUT_COUPON;592;30;;;;;593;30;;;;;592.5;0.0
4;62100;COCONUT_COUPON;593;44;;;;;594;44;;;;;593.5;0.0
4;62200;COCONUT_COUPON;592;35;;;;;593;40;;;;;592.5;0.0
4;62300;COCONUT_COUPON;593;39;;;;;594;29;;;;;593.5;0.0
4;62400;COCONUT_COUPON;594;29;;;;;595;29;;;;;594.5;0.0
4;62500;COCONUT_COUPON;594;47;;;;;595;47;;;;;594.5;0.0
4;62600;COCONUT_COUPON;592;40;;;;;593;40;;;;;592.5;0.0
4;62700;COCONUT_COUPON;593;38;;;;;594;38;;;;;593.5;0.0
4;62800;COCONUT_COUPON;596;37;;;;;597;37;;;;;596.5;0.0
4;62900;COCONUT_COUPON;595;37;;;;;596;37;;;;;595.5;0.0
4;63000;COCONUT_COUPON;596;29;;;;;597;43;;;;;596.5;0.0
4;63100;COCONUT_COUPON;598;38;;;;;599;38;;;;;598.5;0.0
4;63200;COCONUT_COUPON;597;40;;;;;598;40;;;;;597.5;0.0
4;63300;COCONUT_COUPON;596;38;;;;;597;38;;;;;596.5;0.0
4;63400;COCONUT_COUPON;596;39;;;;;597;39;;;;;596.5;0.0
4;63500;COCONUT_COUPON;598;33;;;;;599;33;;;;;598.5;0.0
4;63600;COCONUT_COUPON;595;35;;;;;596;35;;;;;595.5;0.0
4;63700;COCONUT_COUPON;594;48;;;;;595;48;;;;;594.5;0.0
4;63800;COCONUT_COUPON;595;34;;;;;596;34;;;;;595.5;0.0
4;63900;COCONUT_COUPON;593;35;;;;;594;35;;;;;593.5;0.0
4;64000;COCONUT_COUPON;593;35;;;;;594;35;;;;;593.5;0.0
4;64100;COCONUT_COUPON;593;38;;;;;594;38;;;;;593.5;0.0
4;64200;COCONUT_COUPON;595;29;;;;;596;29;;;;;595.5;0.0
4;64300;COCONUT_COUPON;593;37;;;;;594;37;;;;;593.5;0.0
4;64400;COCONUT_COUPON;592;35;;;;;593;35;;;;;592.5;0.0
4;64500;COCONUT_COUPON;590;32;;;;;591;32;;;;;590.5;0.0
4;64600;COCONUT_COUPON;588;44;;;;;589;44;;;;;588.5;0.0
4;64700;COCONUT_COUPON;589;31;;;;;590;31;;;;;589.5;0.0
4;64800;COCONUT_COUPON;588;36;;;;;589;36;;;;;588.5;0.0
4;64900;COCONUT_COUPON;589;43;;;;;590;43;;;;;589.5;0.0
4;65000;COCONUT_COUPON;586;21;;;;;587;22;588.0;16.0;;;586.5;0.0
4;65100;COCONUT_COUPON;587;35;;;;;588;35;;;;;587.5;0.0
4;65200;COCONUT_COUPON;587;24;;;;;588;38;;;;;587.5;0.0
4;65300;COCONUT_COUPON;588;46;;;;;589;46;;;;;588.5;0.0
4;65400;COCONUT_COUPON;589;48;;;;;590;48;;;;;589.5;0.0
4;65500;COCONUT_COUPON;590;39;;;;;591;39;;;;;590.5;0.0
4;65600;COCONUT_COUPON;589;44;;;;;590;44;;;;;589.5;0.0
4;65700;COCONUT_COUPON;589;34;;;;;590;34;;;;;589.5;0.0
4;65800;COCONUT_COUPON;587;37;;;;;588;37;;;;;587.5;0.0
4;65900;COCONUT_COUPON;587;42;;;;;588;42;;;;;587.5;0.0
4;66000;COCONUT_COUPON;586;44;;;;;587;44;;;;;586.5;0.0
4;66100;COCONUT_COUPON;587;41;;;;;588;46;;;;;587.5;0.0
4;66200;COCONUT_COUPON;588;26;;;;;589;26;;;;;588.5;0.0
4;66300;COCONUT_COUPON;588;51;;;;;589;37;;;;;588.5;0.0
4;66400;COCONUT_COUPON;588;39;;;;;589;39;;;;;588.5;0.0
4;66500;COCONUT_COUPON;589;39;;;;;590;39;;;;;589.5;0.0
4;66600;COCONUT_COUPON;589;69;;;;;590;49;;;;;589.5;0.0
4;66700;COCONUT_COUPON;590;51;;;;;591;51;;;;;590.5;0.0
4;66800;COCONUT_COUPON;590;41;;;;;591;41;;;;;590.5;0.0
4;66900;COCONUT_COUPON;590;39;;;;;591;39;;;;;590.5;0.0
4;67000;COCONUT_COUPON;589;38;;;;;590;38;;;;;589.5;0.0
4;67100;COCONUT_COUPON;587;41;;;;;588;41;;;;;587.5;0.0
4;67200;COCONUT_COUPON;586;43;;;;;587;43;;;;;586.5;0.0
4;67300;COCONUT_COUPON;588;44;;;;;589;44;;;;;588.5;0.0
4;67400;COCONUT_COUPON;588;40;;;;;589;40;;;;;588.5;0.0
4;67500;COCONUT_COUPON;589;46;;;;;590;46;;;;;589.5;0.0
4;67600;COCONUT_COUPON;590;45;;;;;591;45;;;;;590.5;0.0
4;67700;COCONUT_COUPON;591;48;;;;;592;48;;;;;591.5;0.0
4;67800;COCONUT_COUPON;593;39;;;;;594;39;;;;;593.5;0.0
4;67900;COCONUT_COUPON;592;42;;;;;593;42;;;;;592.5;0.0
4;68000;COCONUT_COUPON;592;42;;;;;594;42;;;;;593.0;0.0
4;68100;COCONUT_COUPON;594;35;;;;;595;35;;;;;594.5;0.0
4;68200;COCONUT_COUPON;593;43;;;;;595;43;;;;;594.0;0.0
4;68300;COCONUT_COUPON;593;57;;;;;594;40;;;;;593.5;0.0
4;68400;COCONUT_COUPON;592;33;;;;;593;33;;;;;592.5;0.0
4;68500;COCONUT_COUPON;593;30;;;;;594;30;;;;;593.5;0.0
4;68600;COCONUT_COUPON;593;54;;;;;594;44;;;;;593.5;0.0
4;68700;COCONUT_COUPON;592;35;;;;;593;35;;;;;592.5;0.0
4;68800;COCONUT_COUPON;591;33;;;;;592;33;;;;;591.5;0.0
4;68900;COCONUT_COUPON;591;39;;;;;592;39;;;;;591.5;0.0
4;69000;COCONUT_COUPON;591;40;;;;;592;40;;;;;591.5;0.0
4;69100;COCONUT_COUPON;591;56;;;;;592;37;;;;;591.5;0.0
4;69200;COCONUT_COUPON;591;46;;;;;592;46;;;;;591.5;0.0
4;69300;COCONUT_COUPON;592;29;;;;;593;29;;;;;592.5;0.0
4;69400;COCONUT_COUPON;592;45;;;;;593;45;;;;;592.5;0.0
4;69500;COCONUT_COUPON;590;38;;;;;591;38;;;;;590.5;0.0
4;69600;COCONUT_COUPON;591;34;;;;;592;34;;;;;591.5;0.0
4;69700;COCONUT_COUPON;592;38;;;;;593;38;;;;;592.5;0.0
4;69800;COCONUT_COUPON;590;34;;;;;591;34;;;;;590.5;0.0
4;69900;COCONUT_COUPON;591;31;;;;;592;31;;;;;591.5;0.0
4;70000;COCONUT_COUPON;591;43;;;;;592;43;;;;;591.5;0.0
4;70100;COCONUT_COUPON;592;41;;;;;593;41;;;;;592.5;0.0
4;70200;COCONUT_COUPON;593;33;;;;;594;33;;;;;593.5;0.0
4;70300;COCONUT_COUPON;593;36;;;;;594;36;;;;;593.5;0.0
4;70400;COCONUT_COUPON;595;49;;;;;596;49;;;;;595.5;0.0
4;70500;COCONUT_COUPON;593;59;;;;;594;45;;;;;593.5;0.0
4;70600;COCONUT_COUPON;594;42;;;;;595;42;;;;;594.5;0.0
4;70700;COCONUT_COUPON;591;58;;;;;592;47;;;;;591.5;0.0
4;70800;COCONUT_COUPON;591;37;;;;;592;37;;;;;591.5;0.0
4;70900;COCONUT_COUPON;590;39;;;;;591;39;;;;;590.5;0.0
4;71000;COCONUT_COUPON;590;43;;;;;591;43;;;;;590.5;0.0
4;71100;COCONUT_COUPON;591;39;;;;;592;39;;;;;591.5;0.0
4;71200;COCONUT_COUPON;592;38;;;;;593;38;;;;;592.5;0.0
4;71300;COCONUT_COUPON;591;41;;;;;592;41;;;;;591.5;0.0
4;71400;COCONUT_COUPON;591;40;;;;;592;40;;;;;591.5;0.0
4;71500;COCONUT_COUPON;590;29;;;;;591;29;;;;;590.5;0.0
4;71600;COCONUT_COUPON;591;47;;;;;592;47;;;;;591.5;0.0
4;71700;COCONUT_COUPON;589;56;;;;;590;46;;;;;589.5;0.0
4;71800;COCONUT_COUPON;591;38;;;;;592;38;;;;;591.5;0.0
4;71900;COCONUT_COUPON;590;38;;;;;591;38;;;;;590.5;0.0
4;72000;COCONUT_COUPON;590;7;589.0;39.0;;;591;39;;;;;590.0;0.0
4;72100;COCONUT_COUPON;588;41;;;;;589;41;;;;;588.5;0.0
4;72200;COCONUT_COUPON;589;35;;;;;591;35;;;;;590.0;0.0
4;72300;COCONUT_COUPON;592;47;;;;;593;47;;;;;592.5;0.0
4;72400;COCONUT_COUPON;590;30;;;;;591;30;;;;;590.5;0.0
4;72500;COCONUT_COUPON;589;39;;;;;590;39;;;;;589.5;0.0
4;72600;COCONUT_COUPON;590;39;;;;;591;39;;;;;590.5;0.0
4;72700;COCONUT_COUPON;592;41;;;;;593;41;;;;;592.5;0.0
4;72800;COCONUT_COUPON;592;40;;;;;593;40;;;;;592.5;0.0
4;72900;COCONUT_COUPON;591;47;;;;;592;47;;;;;591.5;0.0
4;73000;COCONUT_COUPON;592;45;;;;;593;45;;;;;592.5;0.0
4;73100;COCONUT_COUPON;592;36;;;;;593;36;;;;;592.5;0.0
4;73200;COCONUT_COUPON;593;27;;;;;594;27;;;;;593.5;0.0
4;73300;COCONUT_COUPON;596;37;;;;;597;37;;;;;596.5;0.0
4;73400;COCONUT_COUPON;595;36;;;;;596;36;;;;;595.5;0.0
4;73500;COCONUT_COUPON;592;39;;;;;593;39;;;;;592.5;0.0
4;73600;COCONUT_COUPON;590;34;;;;;591;34;;;;;590.5;0.0
4;73700;COCONUT_COUPON;589;48;;;;;591;48;;;;;590.0;0.0
4;73800;COCONUT_COUPON;590;37;;;;;591;37;;;;;590.5;0.0
4;73900;COCONUT_COUPON;590;42;;;;;591;42;;;;;590.5;0.0
4;74000;COCONUT_COUPON;592;27;;;;;593;44;;;;;592.5;0.0
4;74100;COCONUT_COUPON;592;31;;;;;593;31;;;;;592.5;0.0
4;74200;COCONUT_COUPON;593;43;;;;;594;43;;;;;593.5;0.0
4;74300;COCONUT_COUPON;592;34;;;;;593;34;;;;;592.5;0.0
4;74400;COCONUT_COUPON;592;29;;;;;593;29;;;;;592.5;0.0
4;74500;COCONUT_COUPON;592;42;;;;;593;42;;;;;592.5;0.0
4;74600;COCONUT_COUPON;593;38;;;;;594;38;;;;;593.5;0.0
4;74700;COCONUT_COUPON;592;41;;;;;593;41;;;;;592.5;0.0
4;74800;COCONUT_COUPON;593;29;;;;;594;29;;;;;593.5;0.0
4;74900;COCONUT_COUPON;593;39;;;;;594;39;;;;;593.5;0.0
4;75000;COCONUT_COUPON;591;29;;;;;592;29;;;;;591.5;0.0
4;75100;COCONUT_COUPON;591;51;;;;;592;51;;;;;591.5;0.0
4;75200;COCONUT_COUPON;590;29;;;;;592;29;;;;;591.0;0.0
4;75300;COCONUT_COUPON;592;34;;;;;593;34;;;;;592.5;0.0
4;75400;COCONUT_COUPON;591;44;;;;;592;44;;;;;591.5;0.0
4;75500;COCONUT_COUPON;592;37;;;;;593;37;;;;;592.5;0.0
4;75600;COCONUT_COUPON;591;44;;;;;592;44;;;;;591.5;0.0
4;75700;COCONUT_COUPON;591;43;;;;;593;43;;;;;592.0;0.0
4;75800;COCONUT_COUPON;591;45;;;;;592;45;;;;;591.5;0.0
4;75900;COCONUT_COUPON;592;33;;;;;593;33;;;;;592.5;0.0
4;76000;COCONUT_COUPON;592;34;;;;;593;34;;;;;592.5;0.0
4;76100;COCONUT_COUPON;593;26;;;;;595;26;;;;;594.0;0.0
4;76200;COCONUT_COUPON;594;34;;;;;595;34;;;;;594.5;0.0
4;76300;COCONUT_COUPON;594;22;;;;;595;32;;;;;594.5;0.0
4;76400;COCONUT_COUPON;593;40;;;;;594;40;;;;;593.5;0.0
4;76500;COCONUT_COUPON;590;37;;;;;591;37;;;;;590.5;0.0
4;76600;COCONUT_COUPON;590;33;;;;;591;33;;;;;590.5;0.0
4;76700;COCONUT_COUPON;588;39;;;;;589;39;;;;;588.5;0.0
4;76800;COCONUT_COUPON;590;41;;;;;591;41;;;;;590.5;0.0
4;76900;COCONUT_COUPON;591;39;;;;;592;39;;;;;591.5;0.0
4;77000;COCONUT_COUPON;592;35;;;;;593;35;;;;;592.5;0.0
4;77100;COCONUT_COUPON;593;41;;;;;594;41;;;;;593.5;0.0
4;77200;COCONUT_COUPON;594;42;;;;;595;42;;;;;594.5;0.0
4;77300;COCONUT_COUPON;594;31;;;;;595;31;;;;;594.5;0.0
4;77400;COCONUT_COUPON;594;33;;;;;595;33;;;;;594.5;0.0
4;77500;COCONUT_COUPON;594;36;;;;;595;36;;;;;594.5;0.0
4;77600;COCONUT_COUPON;594;32;;;;;595;32;;;;;594.5;0.0
4;77700;COCONUT_COUPON;594;41;;;;;595;41;;;;;594.5;0.0
4;77800;COCONUT_COUPON;593;43;;;;;594;43;;;;;593.5;0.0
4;77900;COCONUT_COUPON;593;36;;;;;594;36;;;;;593.5;0.0
4;78000;COCONUT_COUPON;594;39;;;;;596;39;;;;;595.0;0.0
4;78100;COCONUT_COUPON;592;42;;;;;593;42;;;;;592.5;0.0
4;78200;COCONUT_COUPON;591;42;;;;;592;42;;;;;591.5;0.0
4;78300;COCONUT_COUPON;593;21;;;;;594;36;;;;;593.5;0.0
4;78400;COCONUT_COUPON;592;31;;;;;594;31;;;;;593.0;0.0
4;78500;COCONUT_COUPON;594;49;;;;;595;49;;;;;594.5;0.0
4;78600;COCONUT_COUPON;592;31;;;;;593;37;;;;;592.5;0.0
4;78700;COCONUT_COUPON;592;34;;;;;593;34;;;;;592.5;0.0
4;78800;COCONUT_COUPON;593;44;;;;;594;44;;;;;593.5;0.0
4;78900;COCONUT_COUPON;592;47;;;;;593;47;;;;;592.5;0.0
4;79000;COCONUT_COUPON;591;27;;;;;592;40;;;;;591.5;0.0
4;79100;COCONUT_COUPON;591;49;;;;;592;49;;;;;591.5;0.0
4;79200;COCONUT_COUPON;591;33;;;;;592;2;593.0;31.0;;;592.0;0.0
4;79300;COCONUT_COUPON;591;38;;;;;592;49;;;;;591.5;0.0
4;79400;COCONUT_COUPON;592;47;;;;;593;47;;;;;592.5;0.0
4;79500;COCONUT_COUPON;592;41;;;;;593;41;;;;;592.5;0.0
4;79600;COCONUT_COUPON;592;45;;;;;593;45;;;;;592.5;0.0
4;79700;COCONUT_COUPON;593;42;;;;;594;42;;;;;593.5;0.0
4;79800;COCONUT_COUPON;593;36;;;;;594;36;;;;;593.5;0.0
4;79900;COCONUT_COUPON;595;45;;;;;596;45;;;;;595.5;0.0
4;80000;COCONUT_COUPON;595;30;;;;;596;30;;;;;595.5;0.0
4;80100;COCONUT_COUPON;594;39;;;;;595;1;596.0;38.0;;;595.0;0.0
4;80200;COCONUT_COUPON;594;34;;;;;595;34;;;;;594.5;0.0
4;80300;COCONUT_COUPON;592;35;;;;;593;35;;;;;592.5;0.0
4;80400;COCONUT_COUPON;593;33;;;;;594;33;;;;;593.5;0.0
4;80500;COCONUT_COUPON;594;36;;;;;595;36;;;;;594.5;0.0
4;80600;COCONUT_COUPON;596;41;;;;;597;41;;;;;596.5;0.0
4;80700;COCONUT_COUPON;596;35;;;;;597;35;;;;;596.5;0.0
4;80800;COCONUT_COUPON;596;62;;;;;597;50;;;;;596.5;0.0
4;80900;COCONUT_COUPON;594;34;;;;;595;34;;;;;594.5;0.0
4;81000;COCONUT_COUPON;593;49;;;;;594;49;;;;;593.5;0.0
4;81100;COCONUT_COUPON;595;42;;;;;596;42;;;;;595.5;0.0
4;81200;COCONUT_COUPON;593;34;;;;;595;34;;;;;594.0;0.0
4;81300;COCONUT_COUPON;593;33;;;;;594;33;;;;;593.5;0.0
4;81400;COCONUT_COUPON;593;28;;;;;594;28;;;;;593.5;0.0
4;81500;COCONUT_COUPON;591;41;;;;;592;41;;;;;591.5;0.0
4;81600;COCONUT_COUPON;592;33;;;;;593;33;;;;;592.5;0.0
4;81700;COCONUT_COUPON;594;29;;;;;595;29;;;;;594.5;0.0
4;81800;COCONUT_COUPON;593;35;;;;;594;35;;;;;593.5;0.0
4;81900;COCONUT_COUPON;592;39;;;;;594;39;;;;;593.0;0.0
4;82000;COCONUT_COUPON;593;48;;;;;594;34;;;;;593.5;0.0
4;82100;COCONUT_COUPON;592;42;;;;;593;42;;;;;592.5;0.0
4;82200;COCONUT_COUPON;590;39;;;;;591;39;;;;;590.5;0.0
4;82300;COCONUT_COUPON;589;39;;;;;591;39;;;;;590.0;0.0
4;82400;COCONUT_COUPON;589;42;;;;;590;42;;;;;589.5;0.0
4;82500;COCONUT_COUPON;590;39;;;;;591;39;;;;;590.5;0.0
4;82600;COCONUT_COUPON;590;46;;;;;592;46;;;;;591.0;0.0
4;82700;COCONUT_COUPON;588;44;;;;;589;44;;;;;588.5;0.0
4;82800;COCONUT_COUPON;588;38;;;;;589;38;;;;;588.5;0.0
4;82900;COCONUT_COUPON;587;33;;;;;588;33;;;;;587.5;0.0
4;83000;COCONUT_COUPON;588;38;;;;;590;38;;;;;589.0;0.0
4;83100;COCONUT_COUPON;589;33;;;;;590;33;;;;;589.5;0.0
4;83200;COCONUT_COUPON;589;44;;;;;590;44;;;;;589.5;0.0
4;83300;COCONUT_COUPON;589;36;;;;;590;36;;;;;589.5;0.0
4;83400;COCONUT_COUPON;589;39;;;;;590;39;;;;;589.5;0.0
4;83500;COCONUT_COUPON;588;44;;;;;589;44;;;;;588.5;0.0
4;83600;COCONUT_COUPON;589;33;;;;;590;33;;;;;589.5;0.0
4;83700;COCONUT_COUPON;588;36;;;;;589;36;;;;;588.5;0.0
4;83800;COCONUT_COUPON;588;39;;;;;589;39;;;;;588.5;0.0
4;83900;COCONUT_COUPON;587;33;;;;;588;33;;;;;587.5;0.0
4;84000;COCONUT_COUPON;586;35;;;;;587;35;;;;;586.5;0.0
4;84100;COCONUT_COUPON;586;30;;;;;587;30;;;;;586.5;0.0
4;84200;COCONUT_COUPON;586;38;;;;;587;38;;;;;586.5;0.0
4;84300;COCONUT_COUPON;585;37;;;;;586;37;;;;;585.5;0.0
4;84400;COCONUT_COUPON;585;40;;;;;586;40;;;;;585.5;0.0
4;84500;COCONUT_COUPON;585;33;;;;;586;33;;;;;585.5;0.0
4;84600;COCONUT_COUPON;584;34;;;;;585;34;;;;;584.5;0.0
4;84700;COCONUT_COUPON;585;41;;;;;586;41;;;;;585.5;0.0
4;84800;COCONUT_COUPON;585;42;;;;;586;42;;;;;585.5;0.0
4;84900;COCONUT_COUPON;586;36;;;;;587;36;;;;;586.5;0.0
4;85000;COCONUT_COUPON;585;35;;;;;586;35;;;;;585.5;0.0
4;85100;COCONUT_COUPON;585;40;;;;;586;40;;;;;585.5;0.0
4;85200;COCONUT_COUPON;585;41;;;;;586;41;;;;;585.5;0.0
4;85300;COCONUT_COUPON;585;42;;;;;587;42;;;;;586.0;0.0
4;85400;COCONUT_COUPON;586;47;;;;;587;47;;;;;586.5;0.0
4;85500;COCONUT_COUPON;586;37;;;;;587;37;;;;;586.5;0.0
4;85600;COCONUT_COUPON;586;35;;;;;587;35;;;;;586.5;0.0
4;85700;COCONUT_COUPON;585;36;;;;;586;36;;;;;585.5;0.0
4;85800;COCONUT_COUPON;584;33;;;;;585;33;;;;;584.5;0.0
4;85900;COCONUT_COUPON;582;29;;;;;583;29;;;;;582.5;0.0
4;86000;COCONUT_COUPON;583;46;;;;;584;46;;;;;583.5;0.0
4;86100;COCONUT_COUPON;582;51;;;;;583;46;;;;;582.5;0.0
4;86200;COCONUT_COUPON;582;41;;;;;583;41;;;;;582.5;0.0
4;86300;COCONUT_COUPON;583;34;;;;;584;34;;;;;583.5;0.0
4;86400;COCONUT_COUPON;581;34;;;;;582;34;;;;;581.5;0.0
4;86500;COCONUT_COUPON;582;48;;;;;583;48;;;;;582.5;0.0
4;86600;COCONUT_COUPON;583;14;582.0;26.0;;;584;40;;;;;583.0;0.0
4;86700;COCONUT_COUPON;583;30;;;;;584;37;;;;;583.5;0.0
4;86800;COCONUT_COUPON;582;45;;;;;583;45;;;;;582.5;0.0
4;86900;COCONUT_COUPON;580;44;;;;;581;44;;;;;580.5;0.0
4;87000;COCONUT_COUPON;579;46;;;;;580;46;;;;;579.5;0.0
4;87100;COCONUT_COUPON;578;36;;;;;579;36;;;;;578.5;0.0
4;87200;COCONUT_COUPON;578;44;;;;;579;44;;;;;578.5;0.0
4;87300;COCONUT_COUPON;580;35;;;;;581;35;;;;;580.5;0.0
4;87400;COCONUT_COUPON;581;31;;;;;582;31;;;;;581.5;0.0
4;87500;COCONUT_COUPON;581;42;;;;;582;42;;;;;581.5;0.0
4;87600;COCONUT_COUPON;581;43;;;;;582;43;;;;;581.5;0.0
4;87700;COCONUT_COUPON;580;44;;;;;581;44;;;;;580.5;0.0
4;87800;COCONUT_COUPON;582;36;;;;;583;36;;;;;582.5;0.0
4;87900;COCONUT_COUPON;581;38;;;;;582;38;;;;;581.5;0.0
4;88000;COCONUT_COUPON;581;37;;;;;582;37;;;;;581.5;0.0
4;88100;COCONUT_COUPON;579;38;;;;;580;38;;;;;579.5;0.0
4;88200;COCONUT_COUPON;579;35;;;;;581;35;;;;;580.0;0.0
4;88300;COCONUT_COUPON;580;37;;;;;581;37;;;;;580.5;0.0
4;88400;COCONUT_COUPON;581;44;;;;;582;44;;;;;581.5;0.0
4;88500;COCONUT_COUPON;582;35;;;;;583;35;;;;;582.5;0.0
4;88600;COCONUT_COUPON;582;33;;;;;583;33;;;;;582.5;0.0
4;88700;COCONUT_COUPON;582;43;;;;;584;43;;;;;583.0;0.0
4;88800;COCONUT_COUPON;583;51;;;;;584;51;;;;;583.5;0.0
4;88900;COCONUT_COUPON;584;34;;;;;585;34;;;;;584.5;0.0
4;89000;COCONUT_COUPON;588;37;;;;;589;37;;;;;588.5;0.0
4;89100;COCONUT_COUPON;589;39;;;;;590;39;;;;;589.5;0.0
4;89200;COCONUT_COUPON;588;35;;;;;589;35;;;;;588.5;0.0
4;89300;COCONUT_COUPON;589;28;;;;;590;43;;;;;589.5;0.0
4;89400;COCONUT_COUPON;591;41;;;;;592;41;;;;;591.5;0.0
4;89500;COCONUT_COUPON;592;40;;;;;593;40;;;;;592.5;0.0
4;89600;COCONUT_COUPON;592;37;;;;;593;37;;;;;592.5;0.0
4;89700;COCONUT_COUPON;593;50;;;;;594;50;;;;;593.5;0.0
4;89800;COCONUT_COUPON;592;42;;;;;594;42;;;;;593.0;0.0
4;89900;COCONUT_COUPON;592;43;;;;;593;43;;;;;592.5;0.0
4;90000;COCONUT_COUPON;591;44;;;;;592;44;;;;;591.5;0.0
4;90100;COCONUT_COUPON;591;43;;;;;592;37;;;;;591.5;0.0
4;90200;COCONUT_COUPON;591;36;;;;;592;16;593.0;20.0;;;592.0;0.0
4;90300;COCONUT_COUPON;591;42;;;;;592;42;;;;;591.5;0.0
4;90400;COCONUT_COUPON;591;35;;;;;592;35;;;;;591.5;0.0
4;90500;COCONUT_COUPON;592;38;;;;;593;38;;;;;592.5;0.0
4;90600;COCONUT_COUPON;591;34;;;;;592;34;;;;;591.5;0.0
4;90700;COCONUT_COUPON;590;37;;;;;591;37;;;;;590.5;0.0
4;90800;COCONUT_COUPON;589;46;;;;;590;22;591.0;24.0;;;590.0;0.0
4;90900;COCONUT_COUPON;590;39;;;;;591;39;;;;;590.5;0.0
4;91000;COCONUT_COUPON;591;33;;;;;592;33;;;;;591.5;0.0
4;91100;COCONUT_COUPON;591;36;;;;;593;36;;;;;592.0;0.0
4;91200;COCONUT_COUPON;593;38;;;;;594;38;;;;;593.5;0.0
4;91300;COCONUT_COUPON;593;43;;;;;594;43;;;;;593.5;0.0
4;91400;COCONUT_COUPON;593;27;;;;;595;46;;;;;594.0;0.0
4;91500;COCONUT_COUPON;595;40;;;;;596;40;;;;;595.5;0.0
4;91600;COCONUT_COUPON;594;33;;;;;596;33;;;;;595.0;0.0
4;91700;COCONUT_COUPON;595;29;;;;;596;15;597.0;29.0;;;596.0;0.0
4;91800;COCONUT_COUPON;598;46;;;;;600;46;;;;;599.0;0.0
4;91900;COCONUT_COUPON;599;33;;;;;600;33;;;;;599.5;0.0
4;92000;COCONUT_COUPON;598;40;;;;;599;40;;;;;598.5;0.0
4;92100;COCONUT_COUPON;597;42;;;;;598;42;;;;;597.5;0.0
4;92200;COCONUT_COUPON;598;43;;;;;599;43;;;;;598.5;0.0
4;92300;COCONUT_COUPON;598;20;597.0;21.0;;;599;41;;;;;598.0;0.0
4;92400;COCONUT_COUPON;598;44;;;;;599;44;;;;;598.5;0.0
4;92500;COCONUT_COUPON;599;32;;;;;600;32;;;;;599.5;0.0
4;92600;COCONUT_COUPON;600;36;;;;;601;36;;;;;600.5;0.0
4;92700;COCONUT_COUPON;601;44;;;;;602;31;;;;;601.5;0.0
4;92800;COCONUT_COUPON;601;33;;;;;602;33;;;;;601.5;0.0
4;92900;COCONUT_COUPON;600;44;;;;;602;44;;;;;601.0;0.0
4;93000;COCONUT_COUPON;602;30;;;;;603;30;;;;;602.5;0.0
4;93100;COCONUT_COUPON;601;41;;;;;602;41;;;;;601.5;0.0
4;93200;COCONUT_COUPON;602;50;;;;;603;50;;;;;602.5;0.0
4;93300;COCONUT_COUPON;602;32;;;;;603;32;;;;;602.5;0.0
4;93400;COCONUT_COUPON;601;45;;;;;602;45;;;;;601.5;0.0
4;93500;COCONUT_COUPON;601;35;;;;;602;35;;;;;601.5;0.0
4;93600;COCONUT_COUPON;602;31;;;;;603;41;;;;;602.5;0.0
4;93700;COCONUT_COUPON;601;41;;;;;602;41;;;;;601.5;0.0
4;93800;COCONUT_COUPON;600;38;;;;;601;38;;;;;600.5;0.0
4;93900;COCONUT_COUPON;600;39;;;;;601;39;;;;;600.5;0.0
4;94000;COCONUT_COUPON;599;40;;;;;600;40;;;;;599.5;0.0
4;94100;COCONUT_COUPON;599;40;;;;;600;40;;;;;599.5;0.0
4;94200;COCONUT_COUPON;597;31;;;;;598;31;;;;;597.5;0.0
4;94300;COCONUT_COUPON;596;58;;;;;598;40;;;;;597.0;0.0
4;94400;COCONUT_COUPON;597;15;;;;;598;28;;;;;597.5;0.0
4;94500;COCONUT_COUPON;595;37;;;;;596;37;;;;;595.5;0.0
4;94600;COCONUT_COUPON;594;38;;;;;595;38;;;;;594.5;0.0
4;94700;COCONUT_COUPON;593;34;;;;;594;34;;;;;593.5;0.0
4;94800;COCONUT_COUPON;593;42;;;;;594;42;;;;;593.5;0.0
4;94900;COCONUT_COUPON;594;34;;;;;595;34;;;;;594.5;0.0
4;95000;COCONUT_COUPON;592;48;;;;;593;48;;;;;592.5;0.0
4;95100;COCONUT_COUPON;591;41;;;;;592;41;;;;;591.5;0.0
4;95200;COCONUT_COUPON;592;35;;;;;593;35;;;;;592.5;0.0
4;95300;COCONUT_COUPON;590;39;;;;;592;39;;;;;591.0;0.0
4;95400;COCONUT_COUPON;591;34;;;;;592;34;;;;;591.5;0.0
4;95500;COCONUT_COUPON;593;38;;;;;594;38;;;;;593.5;0.0
4;95600;COCONUT_COUPON;594;33;;;;;595;33;;;;;594.5;0.0
4;95700;COCONUT_COUPON;594;36;;;;;595;36;;;;;594.5;0.0
4;95800;COCONUT_COUPON;593;38;;;;;594;38;;;;;593.5;0.0
4;95900;COCONUT_COUPON;593;41;;;;;594;41;;;;;593.5;0.0
4;96000;COCONUT_COUPON;594;27;;;;;595;45;;;;;594.5;0.0
4;96100;COCONUT_COUPON;593;38;;;;;594;38;;;;;593.5;0.0
4;96200;COCONUT_COUPON;592;36;;;;;593;36;;;;;592.5;0.0
4;96300;COCONUT_COUPON;592;15;591.0;27.0;;;593;42;;;;;592.0;0.0
4;96400;COCONUT_COUPON;591;34;;;;;592;34;;;;;591.5;0.0
4;96500;COCONUT_COUPON;591;41;;;;;592;41;;;;;591.5;0.0
4;96600;COCONUT_COUPON;591;29;;;;;592;45;;;;;591.5;0.0
4;96700;COCONUT_COUPON;590;40;;;;;591;40;;;;;590.5;0.0
4;96800;COCONUT_COUPON;591;41;;;;;592;30;;;;;591.5;0.0
4;96900;COCONUT_COUPON;590;31;;;;;592;31;;;;;591.0;0.0
4;97000;COCONUT_COUPON;589;38;;;;;590;38;;;;;589.5;0.0
4;97100;COCONUT_COUPON;586;28;;;;;587;28;;;;;586.5;0.0
4;97200;COCONUT_COUPON;587;36;;;;;588;36;;;;;587.5;0.0
4;97300;COCONUT_COUPON;588;38;;;;;589;38;;;;;588.5;0.0
4;97400;COCONUT_COUPON;588;30;;;;;589;30;;;;;588.5;0.0
4;97500;COCONUT_COUPON;589;48;;;;;590;48;;;;;589.5;0.0
4;97600;COCONUT_COUPON;588;48;;;;;589;48;;;;;588.5;0.0
4;97700;COCONUT_COUPON;588;45;;;;;589;45;;;;;588.5;0.0
4;97800;COCONUT_COUPON;590;36;;;;;591;36;;;;;590.5;0.0
4;97900;COCONUT_COUPON;592;1;591.0;42.0;;;593;43;;;;;592.0;0.0
4;98000;COCONUT_COUPON;591;34;;;;;592;1;593.0;33.0;;;592.0;0.0
4;98100;COCONUT_COUPON;591;31;;;;;592;31;;;;;591.5;0.0
4;98200;COCONUT_COUPON;590;39;;;;;591;31;;;;;590.5;0.0
4;98300;COCONUT_COUPON;589;43;;;;;590;43;;;;;589.5;0.0
4;98400;COCONUT_COUPON;590;28;;;;;591;28;;;;;590.5;0.0
4;98500;COCONUT_COUPON;589;43;;;;;590;43;;;;;589.5;0.0
4;98600;COCONUT_COUPON;590;44;;;;;591;44;;;;;590.5;0.0
4;98700;COCONUT_COUPON;590;41;;;;;591;41;;;;;590.5;0.0
4;98800;COCONUT_COUPON;590;37;;;;;591;37;;;;;590.5;0.0
4;98900;COCONUT_COUPON;588;38;;;;;589;38;;;;;588.5;0.0
4;99000;COCONUT_COUPON;589;40;;;;;590;40;;;;;589.5;0.0
4;99100;COCONUT_COUPON;590;47;;;;;591;47;;;;;590.5;0.0
4;99200;COCONUT_COUPON;588;39;;;;;589;39;;;;;588.5;0.0
4;99300;COCONUT_COUPON;588;19;;;;;589;37;;;;;588.5;0.0
4;99400;COCONUT_COUPON;588;27;;;;;589;27;;;;;588.5;0.0
4;99500;COCONUT_COUPON;589;39;;;;;590;39;;;;;589.5;0.0
4;99600;COCONUT_COUPON;590;39;;;;;591;39;;;;;590.5;0.0
4;99700;COCONUT_COUPON;589;62;;;;;590;46;;;;;589.5;0.0
4;99800;COCONUT_COUPON;589;2;588.0;30.0;;;590;32;;;;;589.0;0.0
4;99900;COCONUT_COUPON;588;40;;;;;589;40;;;;;588.5;0.0
4;100000;COCONUT_COUPON;589;43;;;;;590;43;;;;;589.5;0.0
4;100100;COCONUT_COUPON;591;36;;;;;592;36;;;;;591.5;0.0
4;100200;COCONUT_COUPON;590;39;;;;;592;39;;;;;591.0;0.0
4;100300;COCONUT_COUPON;590;31;;;;;591;44;;;;;590.5;0.0
4;100400;COCONUT_COUPON;590;46;;;;;591;46;;;;;590.5;0.0
4;100500;COCONUT_COUPON;591;37;;;;;592;37;;;;;591.5;0.0
4;100600;COCONUT_COUPON;594;42;;;;;595;42;;;;;594.5;0.0
4;100700;COCONUT_COUPON;595;37;;;;;596;37;;;;;595.5;0.0
4;100800;COCONUT_COUPON;593;39;;;;;594;39;;;;;593.5;0.0
4;100900;COCONUT_COUPON;593;25;;;;;594;37;;;;;593.5;0.0
4;101000;COCONUT_COUPON;592;41;;;;;593;41;;;;;592.5;0.0
4;101100;COCONUT_COUPON;591;34;;;;;592;34;;;;;591.5;0.0
4;101200;COCONUT_COUPON;591;38;;;;;592;38;;;;;591.5;0.0
4;101300;COCONUT_COUPON;590;30;;;;;591;30;;;;;590.5;0.0
4;101400;COCONUT_COUPON;590;37;;;;;592;37;;;;;591.0;0.0
4;101500;COCONUT_COUPON;589;50;;;;;590;50;;;;;589.5;0.0
4;101600;COCONUT_COUPON;591;32;;;;;592;32;;;;;591.5;0.0
4;101700;COCONUT_COUPON;591;43;;;;;592;43;;;;;591.5;0.0
4;101800;COCONUT_COUPON;590;36;;;;;591;36;;;;;590.5;0.0
4;101900;COCONUT_COUPON;591;19;;;;;592;33;;;;;591.5;0.0
4;102000;COCONUT_COUPON;590;21;589.0;25.0;;;591;46;;;;;590.0;0.0
4;102100;COCONUT_COUPON;590;44;;;;;591;44;;;;;590.5;0.0
4;102200;COCONUT_COUPON;589;41;;;;;590;41;;;;;589.5;0.0
4;102300;COCONUT_COUPON;589;36;;;;;591;36;;;;;590.0;0.0
4;102400;COCONUT_COUPON;590;43;;;;;591;43;;;;;590.5;0.0
4;102500;COCONUT_COUPON;590;42;;;;;591;42;;;;;590.5;0.0
4;102600;COCONUT_COUPON;591;43;;;;;592;43;;;;;591.5;0.0
4;102700;COCONUT_COUPON;592;34;;;;;593;34;;;;;592.5;0.0
4;102800;COCONUT_COUPON;591;29;;;;;593;29;;;;;592.0;0.0
4;102900;COCONUT_COUPON;594;40;;;;;595;40;;;;;594.5;0.0
4;103000;COCONUT_COUPON;594;46;;;;;595;46;;;;;594.5;0.0
4;103100;COCONUT_COUPON;596;43;;;;;597;43;;;;;596.5;0.0
4;103200;COCONUT_COUPON;596;36;;;;;597;36;;;;;596.5;0.0
4;103300;COCONUT_COUPON;596;25;;;;;597;38;;;;;596.5;0.0
4;103400;COCONUT_COUPON;597;28;;;;;598;28;;;;;597.5;0.0
4;103500;COCONUT_COUPON;596;41;;;;;597;41;;;;;596.5;0.0
4;103600;COCONUT_COUPON;596;31;;;;;597;46;;;;;596.5;0.0
4;103700;COCONUT_COUPON;595;43;;;;;597;43;;;;;596.0;0.0
4;103800;COCONUT_COUPON;595;39;;;;;596;39;;;;;595.5;0.0
4;103900;COCONUT_COUPON;595;52;;;;;596;40;;;;;595.5;0.0
4;104000;COCONUT_COUPON;595;12;594.0;30.0;;;596;42;;;;;595.0;0.0
4;104100;COCONUT_COUPON;593;51;;;;;594;51;;;;;593.5;0.0
4;104200;COCONUT_COUPON;595;46;;;;;596;30;;;;;595.5;0.0
4;104300;COCONUT_COUPON;595;14;594.0;34.0;;;596;34;;;;;595.0;0.0
4;104400;COCONUT_COUPON;594;39;;;;;595;39;;;;;594.5;0.0
4;104500;COCONUT_COUPON;595;39;;;;;596;39;;;;;595.5;0.0
4;104600;COCONUT_COUPON;594;34;;;;;595;34;;;;;594.5;0.0
4;104700;COCONUT_COUPON;592;29;;;;;593;29;;;;;592.5;0.0
4;104800;COCONUT_COUPON;591;35;;;;;592;35;;;;;591.5;0.0
4;104900;COCONUT_COUPON;589;38;;;;;590;38;;;;;589.5;0.0
4;105000;COCONUT_COUPON;588;31;;;;;589;31;;;;;588.5;0.0
4;105100;COCONUT_COUPON;588;49;;;;;589;49;;;;;588.5;0.0
4;105200;COCONUT_COUPON;587;44;;;;;588;44;;;;;587.5;0.0
4;105300;COCONUT_COUPON;588;32;;;;;589;32;;;;;588.5;0.0
4;105400;COCONUT_COUPON;587;45;;;;;588;45;;;;;587.5;0.0
4;105500;COCONUT_COUPON;589;28;;;;;590;28;;;;;589.5;0.0
4;105600;COCONUT_COUPON;588;47;;;;;589;47;;;;;588.5;0.0
4;105700;COCONUT_COUPON;589;34;;;;;591;34;;;;;590.0;0.0
4;105800;COCONUT_COUPON;589;28;;;;;590;28;;;;;589.5;0.0
4;105900;COCONUT_COUPON;589;43;;;;;590;43;;;;;589.5;0.0
4;106000;COCONUT_COUPON;589;35;;;;;590;35;;;;;589.5;0.0
4;106100;COCONUT_COUPON;589;35;;;;;590;35;;;;;589.5;0.0
4;106200;COCONUT_COUPON;588;10;;;;;589;29;;;;;588.5;0.0
4;106300;COCONUT_COUPON;589;46;;;;;590;46;;;;;589.5;0.0
4;106400;COCONUT_COUPON;589;23;;;;;590;38;;;;;589.5;0.0
4;106500;COCONUT_COUPON;587;43;;;;;588;43;;;;;587.5;0.0
4;106600;COCONUT_COUPON;584;37;;;;;585;37;;;;;584.5;0.0
4;106700;COCONUT_COUPON;582;41;;;;;583;37;;;;;582.5;0.0
4;106800;COCONUT_COUPON;583;35;;;;;584;35;;;;;583.5;0.0
4;106900;COCONUT_COUPON;582;34;;;;;583;34;;;;;582.5;0.0
4;107000;COCONUT_COUPON;584;40;;;;;585;40;;;;;584.5;0.0
4;107100;COCONUT_COUPON;584;41;;;;;585;41;;;;;584.5;0.0
4;107200;COCONUT_COUPON;584;26;;;;;585;39;;;;;584.5;0.0
4;107300;COCONUT_COUPON;582;43;;;;;583;43;;;;;582.5;0.0
4;107400;COCONUT_COUPON;582;46;;;;;583;46;;;;;582.5;0.0
4;107500;COCONUT_COUPON;581;50;;;;;583;50;;;;;582.0;0.0
4;107600;COCONUT_COUPON;584;35;;;;;585;35;;;;;584.5;0.0
4;107700;COCONUT_COUPON;584;41;;;;;585;41;;;;;584.5;0.0
4;107800;COCONUT_COUPON;583;33;;;;;585;33;;;;;584.0;0.0
4;107900;COCONUT_COUPON;582;37;;;;;583;37;;;;;582.5;0.0
4;108000;COCONUT_COUPON;583;33;;;;;585;33;;;;;584.0;0.0
4;108100;COCONUT_COUPON;585;42;;;;;586;42;;;;;585.5;0.0
4;108200;COCONUT_COUPON;584;32;;;;;585;32;;;;;584.5;0.0
4;108300;COCONUT_COUPON;585;43;;;;;586;43;;;;;585.5;0.0
4;108400;COCONUT_COUPON;586;29;;;;;587;29;;;;;586.5;0.0
4;108500;COCONUT_COUPON;586;30;;;;;587;30;;;;;586.5;0.0
4;108600;COCONUT_COUPON;586;28;;;;;587;28;;;;;586.5;0.0
4;108700;COCONUT_COUPON;585;46;;;;;586;46;;;;;585.5;0.0
4;108800;COCONUT_COUPON;583;41;;;;;584;41;;;;;583.5;0.0
4;108900;COCONUT_COUPON;584;11;583.0;33.0;;;585;33;;;;;584.0;0.0
4;109000;COCONUT_COUPON;581;45;;;;;582;45;;;;;581.5;0.0
4;109100;COCONUT_COUPON;583;34;;;;;584;34;;;;;583.5;0.0
4;109200;COCONUT_COUPON;585;32;;;;;586;32;;;;;585.5;0.0
4;109300;COCONUT_COUPON;587;37;;;;;588;37;;;;;587.5;0.0
4;109400;COCONUT_COUPON;588;37;;;;;589;37;;;;;588.5;0.0
4;109500;COCONUT_COUPON;588;36;;;;;589;36;;;;;588.5;0.0
4;109600;COCONUT_COUPON;588;46;;;;;589;29;;;;;588.5;0.0
4;109700;COCONUT_COUPON;588;33;;;;;589;33;;;;;588.5;0.0
4;109800;COCONUT_COUPON;591;48;;;;;592;48;;;;;591.5;0.0
4;109900;COCONUT_COUPON;591;49;;;;;592;45;;;;;591.5;0.0
4;110000;COCONUT_COUPON;591;48;;;;;592;40;;;;;591.5;0.0
4;110100;COCONUT_COUPON;590;41;;;;;591;41;;;;;590.5;0.0
4;110200;COCONUT_COUPON;589;32;;;;;591;47;;;;;590.0;0.0
4;110300;COCONUT_COUPON;590;42;;;;;591;42;;;;;590.5;0.0
4;110400;COCONUT_COUPON;588;39;;;;;589;39;;;;;588.5;0.0
4;110500;COCONUT_COUPON;588;38;;;;;589;38;;;;;588.5;0.0
4;110600;COCONUT_COUPON;588;36;;;;;589;36;;;;;588.5;0.0
4;110700;COCONUT_COUPON;588;27;;;;;589;27;;;;;588.5;0.0
4;110800;COCONUT_COUPON;586;35;;;;;587;50;;;;;586.5;0.0
4;110900;COCONUT_COUPON;586;41;;;;;588;41;;;;;587.0;0.0
4;111000;COCONUT_COUPON;588;43;;;;;589;43;;;;;588.5;0.0
4;111100;COCONUT_COUPON;587;43;;;;;588;30;;;;;587.5;0.0
4;111200;COCONUT_COUPON;585;36;;;;;586;36;;;;;585.5;0.0
4;111300;COCONUT_COUPON;585;38;;;;;586;38;;;;;585.5;0.0
4;111400;COCONUT_COUPON;585;35;;;;;586;35;;;;;585.5;0.0
4;111500;COCONUT_COUPON;585;30;;;;;586;30;;;;;585.5;0.0
4;111600;COCONUT_COUPON;586;34;;;;;587;33;;;;;586.5;0.0
4;111700;COCONUT_COUPON;583;42;;;;;584;42;;;;;583.5;0.0
4;111800;COCONUT_COUPON;584;35;;;;;586;35;;;;;585.0;0.0
4;111900;COCONUT_COUPON;584;34;;;;;585;34;;;;;584.5;0.0
4;112000;COCONUT_COUPON;586;30;;;;;587;30;;;;;586.5;0.0
4;112100;COCONUT_COUPON;588;34;;;;;589;34;;;;;588.5;0.0
4;112200;COCONUT_COUPON;588;36;;;;;589;36;;;;;588.5;0.0
4;112300;COCONUT_COUPON;588;40;;;;;589;40;;;;;588.5;0.0
4;112400;COCONUT_COUPON;587;48;;;;;589;48;;;;;588.0;0.0
4;112500;COCONUT_COUPON;587;32;;;;;588;32;;;;;587.5;0.0
4;112600;COCONUT_COUPON;588;37;;;;;589;37;;;;;588.5;0.0
4;112700;COCONUT_COUPON;587;48;;;;;588;48;;;;;587.5;0.0
4;112800;COCONUT_COUPON;587;51;;;;;588;31;;;;;587.5;0.0
4;112900;COCONUT_COUPON;587;62;;;;;589;43;;;;;588.0;0.0
4;113000;COCONUT_COUPON;589;33;;;;;590;33;;;;;589.5;0.0
4;113100;COCONUT_COUPON;590;35;;;;;591;35;;;;;590.5;0.0
4;113200;COCONUT_COUPON;591;39;;;;;592;39;;;;;591.5;0.0
4;113300;COCONUT_COUPON;590;40;;;;;591;40;;;;;590.5;0.0
4;113400;COCONUT_COUPON;589;48;;;;;590;33;;;;;589.5;0.0
4;113500;COCONUT_COUPON;588;37;;;;;589;37;;;;;588.5;0.0
4;113600;COCONUT_COUPON;587;43;;;;;588;43;;;;;587.5;0.0
4;113700;COCONUT_COUPON;589;42;;;;;590;42;;;;;589.5;0.0
4;113800;COCONUT_COUPON;591;35;;;;;592;35;;;;;591.5;0.0
4;113900;COCONUT_COUPON;590;45;;;;;591;45;;;;;590.5;0.0
4;114000;COCONUT_COUPON;592;39;;;;;593;39;;;;;592.5;0.0
4;114100;COCONUT_COUPON;594;18;593.0;22.0;;;595;40;;;;;594.0;0.0
4;114200;COCONUT_COUPON;593;36;;;;;594;36;;;;;593.5;0.0
4;114300;COCONUT_COUPON;592;28;;;;;593;28;;;;;592.5;0.0
4;114400;COCONUT_COUPON;591;43;;;;;592;43;;;;;591.5;0.0
4;114500;COCONUT_COUPON;594;35;;;;;595;35;;;;;594.5;0.0
4;114600;COCONUT_COUPON;593;43;;;;;595;43;;;;;594.0;0.0
4;114700;COCONUT_COUPON;593;46;;;;;594;46;;;;;593.5;0.0
4;114800;COCONUT_COUPON;592;42;;;;;593;42;;;;;592.5;0.0
4;114900;COCONUT_COUPON;593;47;;;;;595;47;;;;;594.0;0.0
4;115000;COCONUT_COUPON;595;41;;;;;596;41;;;;;595.5;0.0
4;115100;COCONUT_COUPON;594;53;;;;;595;34;;;;;594.5;0.0
4;115200;COCONUT_COUPON;594;43;;;;;595;43;;;;;594.5;0.0
4;115300;COCONUT_COUPON;594;37;;;;;595;37;;;;;594.5;0.0
4;115400;COCONUT_COUPON;593;51;;;;;594;51;;;;;593.5;0.0
4;115500;COCONUT_COUPON;593;32;;;;;594;32;;;;;593.5;0.0
4;115600;COCONUT_COUPON;593;54;;;;;594;46;;;;;593.5;0.0
4;115700;COCONUT_COUPON;594;40;;;;;595;40;;;;;594.5;0.0
4;115800;COCONUT_COUPON;594;33;;;;;595;33;;;;;594.5;0.0
4;115900;COCONUT_COUPON;594;37;;;;;595;37;;;;;594.5;0.0
4;116000;COCONUT_COUPON;594;34;;;;;595;39;;;;;594.5;0.0
4;116100;COCONUT_COUPON;592;41;;;;;593;41;;;;;592.5;0.0
4;116200;COCONUT_COUPON;592;48;;;;;593;48;;;;;592.5;0.0
4;116300;COCONUT_COUPON;593;38;;;;;594;38;;;;;593.5;0.0
4;116400;COCONUT_COUPON;593;32;;;;;594;32;;;;;593.5;0.0
4;116500;COCONUT_COUPON;594;30;;;;;595;30;;;;;594.5;0.0
4;116600;COCONUT_COUPON;594;39;;;;;595;39;;;;;594.5;0.0
4;116700;COCONUT_COUPON;594;16;;;;;595;36;;;;;594.5;0.0
4;116800;COCONUT_COUPON;595;40;;;;;596;40;;;;;595.5;0.0
4;116900;COCONUT_COUPON;594;35;;;;;595;35;;;;;594.5;0.0
4;117000;COCONUT_COUPON;594;41;;;;;595;41;;;;;594.5;0.0
4;117100;COCONUT_COUPON;591;34;;;;;593;34;;;;;592.0;0.0
4;117200;COCONUT_COUPON;591;49;;;;;592;49;;;;;591.5;0.0
4;117300;COCONUT_COUPON;591;42;;;;;592;42;;;;;591.5;0.0
4;117400;COCONUT_COUPON;588;31;;;;;589;31;;;;;588.5;0.0
4;117500;COCONUT_COUPON;589;38;;;;;590;38;;;;;589.5;0.0
4;117600;COCONUT_COUPON;588;42;;;;;589;42;;;;;588.5;0.0
4;117700;COCONUT_COUPON;587;47;;;;;588;47;;;;;587.5;0.0
4;117800;COCONUT_COUPON;585;36;;;;;587;36;;;;;586.0;0.0
4;117900;COCONUT_COUPON;584;37;;;;;585;37;;;;;584.5;0.0
4;118000;COCONUT_COUPON;583;37;;;;;584;37;;;;;583.5;0.0
4;118100;COCONUT_COUPON;583;42;;;;;585;42;;;;;584.0;0.0
4;118200;COCONUT_COUPON;584;37;;;;;585;37;;;;;584.5;0.0
4;118300;COCONUT_COUPON;584;31;;;;;585;46;;;;;584.5;0.0
4;118400;COCONUT_COUPON;584;44;;;;;585;44;;;;;584.5;0.0
4;118500;COCONUT_COUPON;584;41;;;;;585;41;;;;;584.5;0.0
4;118600;COCONUT_COUPON;584;20;;;;;585;31;;;;;584.5;0.0
4;118700;COCONUT_COUPON;582;49;;;;;583;49;;;;;582.5;0.0
4;118800;COCONUT_COUPON;582;34;;;;;583;34;;;;;582.5;0.0
4;118900;COCONUT_COUPON;583;26;;;;;584;40;;;;;583.5;0.0
4;119000;COCONUT_COUPON;581;36;;;;;582;36;;;;;581.5;0.0
4;119100;COCONUT_COUPON;583;39;;;;;584;39;;;;;583.5;0.0
4;119200;COCONUT_COUPON;581;30;;;;;582;30;;;;;581.5;0.0
4;119300;COCONUT_COUPON;582;48;;;;;583;48;;;;;582.5;0.0
4;119400;COCONUT_COUPON;582;46;;;;;583;46;;;;;582.5;0.0
4;119500;COCONUT_COUPON;580;52;;;;;581;2;582.0;50.0;;;581.0;0.0
4;119600;COCONUT_COUPON;581;47;;;;;582;47;;;;;581.5;0.0
4;119700;COCONUT_COUPON;580;37;;;;;581;37;;;;;580.5;0.0
4;119800;COCONUT_COUPON;579;37;;;;;580;37;;;;;579.5;0.0
4;119900;COCONUT_COUPON;579;26;;;;;580;38;;;;;579.5;0.0
4;120000;COCONUT_COUPON;579;13;;;;;580;43;;;;;579.5;0.0
4;120100;COCONUT_COUPON;579;41;;;;;580;41;;;;;579.5;0.0
4;120200;COCONUT_COUPON;579;45;;;;;580;45;;;;;579.5;0.0
4;120300;COCONUT_COUPON;579;37;;;;;580;37;;;;;579.5;0.0
4;120400;COCONUT_COUPON;578;36;;;;;579;36;;;;;578.5;0.0
4;120500;COCONUT_COUPON;577;43;;;;;578;43;;;;;577.5;0.0
4;120600;COCONUT_COUPON;577;44;;;;;578;44;;;;;577.5;0.0
4;120700;COCONUT_COUPON;578;42;;;;;579;42;;;;;578.5;0.0
4;120800;COCONUT_COUPON;577;36;;;;;578;36;;;;;577.5;0.0
4;120900;COCONUT_COUPON;578;37;;;;;580;37;;;;;579.0;0.0
4;121000;COCONUT_COUPON;577;43;;;;;578;43;;;;;577.5;0.0
4;121100;COCONUT_COUPON;578;25;;;;;579;34;;;;;578.5;0.0
4;121200;COCONUT_COUPON;579;40;;;;;580;40;;;;;579.5;0.0
4;121300;COCONUT_COUPON;579;41;;;;;580;41;;;;;579.5;0.0
4;121400;COCONUT_COUPON;580;22;;;;;581;32;;;;;580.5;0.0
4;121500;COCONUT_COUPON;578;50;;;;;579;50;;;;;578.5;0.0
4;121600;COCONUT_COUPON;578;46;;;;;579;46;;;;;578.5;0.0
4;121700;COCONUT_COUPON;577;31;;;;;578;47;;;;;577.5;0.0
4;121800;COCONUT_COUPON;577;42;;;;;578;42;;;;;577.5;0.0
4;121900;COCONUT_COUPON;577;29;;;;;578;29;;;;;577.5;0.0
4;122000;COCONUT_COUPON;575;38;;;;;576;38;;;;;575.5;0.0
4;122100;COCONUT_COUPON;576;34;;;;;577;34;;;;;576.5;0.0
4;122200;COCONUT_COUPON;577;41;;;;;578;41;;;;;577.5;0.0
4;122300;COCONUT_COUPON;577;35;;;;;578;35;;;;;577.5;0.0
4;122400;COCONUT_COUPON;576;48;;;;;577;48;;;;;576.5;0.0
4;122500;COCONUT_COUPON;573;47;;;;;574;47;;;;;573.5;0.0
4;122600;COCONUT_COUPON;573;37;;;;;574;37;;;;;573.5;0.0
4;122700;COCONUT_COUPON;571;32;;;;;572;32;;;;;571.5;0.0
4;122800;COCONUT_COUPON;571;29;;;;;572;41;;;;;571.5;0.0
4;122900;COCONUT_COUPON;570;49;;;;;571;37;;;;;570.5;0.0
4;123000;COCONUT_COUPON;570;49;;;;;571;49;;;;;570.5;0.0
4;123100;COCONUT_COUPON;570;39;;;;;572;39;;;;;571.0;0.0
4;123200;COCONUT_COUPON;571;36;;;;;572;36;;;;;571.5;0.0
4;123300;COCONUT_COUPON;572;42;;;;;573;42;;;;;572.5;0.0
4;123400;COCONUT_COUPON;570;50;;;;;571;50;;;;;570.5;0.0
4;123500;COCONUT_COUPON;569;33;;;;;570;33;;;;;569.5;0.0
4;123600;COCONUT_COUPON;567;32;;;;;568;32;;;;;567.5;0.0
4;123700;COCONUT_COUPON;567;23;;;;;569;42;;;;;568.0;0.0
4;123800;COCONUT_COUPON;567;57;;;;;568;38;;;;;567.5;0.0
4;123900;COCONUT_COUPON;568;35;;;;;569;35;;;;;568.5;0.0
4;124000;COCONUT_COUPON;569;44;;;;;571;44;;;;;570.0;0.0
4;124100;COCONUT_COUPON;569;43;;;;;570;43;;;;;569.5;0.0
4;124200;COCONUT_COUPON;569;33;;;;;571;33;;;;;570.0;0.0
4;124300;COCONUT_COUPON;571;30;;;;;572;30;;;;;571.5;0.0
4;124400;COCONUT_COUPON;570;38;;;;;571;38;;;;;570.5;0.0
4;124500;COCONUT_COUPON;569;36;;;;;570;36;;;;;569.5;0.0
4;124600;COCONUT_COUPON;570;46;;;;;571;46;;;;;570.5;0.0
4;124700;COCONUT_COUPON;570;42;;;;;571;42;;;;;570.5;0.0
4;124800;COCONUT_COUPON;570;43;;;;;571;43;;;;;570.5;0.0
4;124900;COCONUT_COUPON;570;49;;;;;571;34;;;;;570.5;0.0
4;125000;COCONUT_COUPON;569;39;;;;;570;39;;;;;569.5;0.0
4;125100;COCONUT_COUPON;568;46;;;;;569;46;;;;;568.5;0.0
4;125200;COCONUT_COUPON;568;42;;;;;569;42;;;;;568.5;0.0
4;125300;COCONUT_COUPON;567;43;;;;;569;43;;;;;568.0;0.0
4;125400;COCONUT_COUPON;567;47;;;;;568;47;;;;;567.5;0.0
4;125500;COCONUT_COUPON;566;44;;;;;567;44;;;;;566.5;0.0
4;125600;COCONUT_COUPON;565;36;;;;;566;36;;;;;565.5;0.0
4;125700;COCONUT_COUPON;564;6;563.0;51.0;;;565;51;;;;;564.0;0.0
4;125800;COCONUT_COUPON;563;42;;;;;564;42;;;;;563.5;0.0
4;125900;COCONUT_COUPON;564;45;;;;;566;45;;;;;565.0;0.0
4;126000;COCONUT_COUPON;563;47;;;;;565;47;;;;;564.0;0.0
4;126100;COCONUT_COUPON;565;44;;;;;566;44;;;;;565.5;0.0
4;126200;COCONUT_COUPON;564;59;;;;;565;40;;;;;564.5;0.0
4;126300;COCONUT_COUPON;563;39;;;;;564;39;;;;;563.5;0.0
4;126400;COCONUT_COUPON;563;36;;;;;564;36;;;;;563.5;0.0
4;126500;COCONUT_COUPON;563;54;;;;;564;36;;;;;563.5;0.0
4;126600;COCONUT_COUPON;565;29;;;;;566;29;;;;;565.5;0.0
4;126700;COCONUT_COUPON;563;34;;;;;564;34;;;;;563.5;0.0
4;126800;COCONUT_COUPON;564;20;;;;;565;39;;;;;564.5;0.0
4;126900;COCONUT_COUPON;564;32;;;;;565;32;;;;;564.5;0.0
4;127000;COCONUT_COUPON;564;37;;;;;565;37;;;;;564.5;0.0
4;127100;COCONUT_COUPON;564;34;;;;;565;34;;;;;564.5;0.0
4;127200;COCONUT_COUPON;564;29;;;;;566;29;;;;;565.0;0.0
4;127300;COCONUT_COUPON;567;38;;;;;568;38;;;;;567.5;0.0
4;127400;COCONUT_COUPON;567;47;;;;;568;47;;;;;567.5;0.0
4;127500;COCONUT_COUPON;567;36;;;;;568;36;;;;;567.5;0.0
4;127600;COCONUT_COUPON;567;47;;;;;568;47;;;;;567.5;0.0
4;127700;COCONUT_COUPON;568;19;;;;;569;39;;;;;568.5;0.0
4;127800;COCONUT_COUPON;567;42;;;;;568;42;;;;;567.5;0.0
4;127900;COCONUT_COUPON;567;41;;;;;568;41;;;;;567.5;0.0
4;128000;COCONUT_COUPON;567;41;;;;;568;41;;;;;567.5;0.0
4;128100;COCONUT_COUPON;566;35;;;;;567;35;;;;;566.5;0.0
4;128200;COCONUT_COUPON;566;35;;;;;567;35;;;;;566.5;0.0
4;128300;COCONUT_COUPON;567;40;;;;;568;40;;;;;567.5;0.0
4;128400;COCONUT_COUPON;565;62;;;;;566;50;;;;;565.5;0.0
4;128500;COCONUT_COUPON;565;38;;;;;566;38;;;;;565.5;0.0
4;128600;COCONUT_COUPON;565;37;;;;;566;41;;;;;565.5;0.0
4;128700;COCONUT_COUPON;567;46;;;;;568;46;;;;;567.5;0.0
4;128800;COCONUT_COUPON;567;56;;;;;568;38;;;;;567.5;0.0
4;128900;COCONUT_COUPON;568;29;;;;;569;29;;;;;568.5;0.0
4;129000;COCONUT_COUPON;566;36;;;;;567;36;;;;;566.5;0.0
4;129100;COCONUT_COUPON;567;40;;;;;568;40;;;;;567.5;0.0
4;129200;COCONUT_COUPON;567;34;;;;;568;34;;;;;567.5;0.0
4;129300;COCONUT_COUPON;565;34;;;;;566;34;;;;;565.5;0.0
4;129400;COCONUT_COUPON;563;37;;;;;564;37;;;;;563.5;0.0
4;129500;COCONUT_COUPON;564;42;;;;;566;42;;;;;565.0;0.0
4;129600;COCONUT_COUPON;563;34;;;;;564;34;;;;;563.5;0.0
4;129700;COCONUT_COUPON;565;18;;;;;566;31;;;;;565.5;0.0
4;129800;COCONUT_COUPON;565;38;;;;;566;38;;;;;565.5;0.0
4;129900;COCONUT_COUPON;565;34;;;;;566;34;;;;;565.5;0.0
4;130000;COCONUT_COUPON;567;34;;;;;568;34;;;;;567.5;0.0
4;130100;COCONUT_COUPON;566;43;;;;;568;43;;;;;567.0;0.0
4;130200;COCONUT_COUPON;565;46;;;;;566;46;;;;;565.5;0.0
4;130300;COCONUT_COUPON;564;56;;;;;565;40;;;;;564.5;0.0
4;130400;COCONUT_COUPON;564;45;;;;;566;45;;;;;565.0;0.0
4;130500;COCONUT_COUPON;562;39;;;;;563;39;;;;;562.5;0.0
4;130600;COCONUT_COUPON;563;24;;;;;564;39;;;;;563.5;0.0
4;130700;COCONUT_COUPON;564;35;;;;;565;35;;;;;564.5;0.0
4;130800;COCONUT_COUPON;566;40;;;;;567;40;;;;;566.5;0.0
4;130900;COCONUT_COUPON;565;35;;;;;567;35;;;;;566.0;0.0
4;131000;COCONUT_COUPON;566;40;;;;;567;40;;;;;566.5;0.0
4;131100;COCONUT_COUPON;567;37;;;;;568;37;;;;;567.5;0.0
4;131200;COCONUT_COUPON;567;39;;;;;568;39;;;;;567.5;0.0
4;131300;COCONUT_COUPON;568;36;;;;;569;36;;;;;568.5;0.0
4;131400;COCONUT_COUPON;568;34;;;;;569;34;;;;;568.5;0.0
4;131500;COCONUT_COUPON;569;1;568.0;43.0;;;570;44;;;;;569.0;0.0
4;131600;COCONUT_COUPON;568;31;;;;;569;31;;;;;568.5;0.0
4;131700;COCONUT_COUPON;571;36;;;;;572;36;;;;;571.5;0.0
4;131800;COCONUT_COUPON;573;36;;;;;574;36;;;;;573.5;0.0
4;131900;COCONUT_COUPON;575;38;;;;;576;38;;;;;575.5;0.0
4;132000;COCONUT_COUPON;576;41;;;;;577;41;;;;;576.5;0.0
4;132100;COCONUT_COUPON;575;49;;;;;577;49;;;;;576.0;0.0
4;132200;COCONUT_COUPON;574;42;;;;;576;42;;;;;575.0;0.0
4;132300;COCONUT_COUPON;575;30;;;;;576;30;;;;;575.5;0.0
4;132400;COCONUT_COUPON;573;40;;;;;574;40;;;;;573.5;0.0
4;132500;COCONUT_COUPON;573;58;;;;;574;44;;;;;573.5;0.0
4;132600;COCONUT_COUPON;571;42;;;;;572;42;;;;;571.5;0.0
4;132700;COCONUT_COUPON;572;39;;;;;573;39;;;;;572.5;0.0
4;132800;COCONUT_COUPON;574;31;;;;;575;31;;;;;574.5;0.0
4;132900;COCONUT_COUPON;574;47;;;;;575;47;;;;;574.5;0.0
4;133000;COCONUT_COUPON;575;35;;;;;576;35;;;;;575.5;0.0
4;133100;COCONUT_COUPON;576;48;;;;;577;48;;;;;576.5;0.0
4;133200;COCONUT_COUPON;576;47;;;;;577;47;;;;;576.5;0.0
4;133300;COCONUT_COUPON;577;36;;;;;578;36;;;;;577.5;0.0
4;133400;COCONUT_COUPON;578;38;;;;;580;38;;;;;579.0;0.0
4;133500;COCONUT_COUPON;577;27;;;;;578;27;;;;;577.5;0.0
4;133600;COCONUT_COUPON;577;44;;;;;578;44;;;;;577.5;0.0
4;133700;COCONUT_COUPON;577;42;;;;;578;42;;;;;577.5;0.0
4;133800;COCONUT_COUPON;578;39;;;;;579;39;;;;;578.5;0.0
4;133900;COCONUT_COUPON;578;39;;;;;579;39;;;;;578.5;0.0
4;134000;COCONUT_COUPON;577;47;;;;;578;47;;;;;577.5;0.0
4;134100;COCONUT_COUPON;577;41;;;;;578;41;;;;;577.5;0.0
4;134200;COCONUT_COUPON;577;26;;;;;578;26;;;;;577.5;0.0
4;134300;COCONUT_COUPON;578;34;;;;;579;46;;;;;578.5;0.0
4;134400;COCONUT_COUPON;579;52;;;;;580;42;;;;;579.5;0.0
4;134500;COCONUT_COUPON;579;41;;;;;580;41;;;;;579.5;0.0
4;134600;COCONUT_COUPON;580;39;;;;;581;39;;;;;580.5;0.0
4;134700;COCONUT_COUPON;579;30;;;;;580;42;;;;;579.5;0.0
4;134800;COCONUT_COUPON;580;43;;;;;581;43;;;;;580.5;0.0
4;134900;COCONUT_COUPON;579;28;;;;;580;48;;;;;579.5;0.0
4;135000;COCONUT_COUPON;578;29;;;;;579;29;;;;;578.5;0.0
4;135100;COCONUT_COUPON;577;48;;;;;578;34;;;;;577.5;0.0
4;135200;COCONUT_COUPON;578;48;;;;;579;48;;;;;578.5;0.0
4;135300;COCONUT_COUPON;578;40;;;;;579;40;;;;;578.5;0.0
4;135400;COCONUT_COUPON;580;42;;;;;581;42;;;;;580.5;0.0
4;135500;COCONUT_COUPON;581;40;;;;;582;40;;;;;581.5;0.0
4;135600;COCONUT_COUPON;582;38;;;;;583;2;584.0;36.0;;;583.0;0.0
4;135700;COCONUT_COUPON;583;33;;;;;584;33;;;;;583.5;0.0
4;135800;COCONUT_COUPON;583;37;;;;;584;37;;;;;583.5;0.0
4;135900;COCONUT_COUPON;584;41;;;;;585;41;;;;;584.5;0.0
4;136000;COCONUT_COUPON;584;29;;;;;585;29;;;;;584.5;0.0
4;136100;COCONUT_COUPON;587;34;;;;;588;34;;;;;587.5;0.0
4;136200;COCONUT_COUPON;587;1;586.0;47.0;;;588;48;;;;;587.0;0.0
4;136300;COCONUT_COUPON;586;45;;;;;588;45;;;;;587.0;0.0
4;136400;COCONUT_COUPON;585;30;;;;;586;30;;;;;585.5;0.0
4;136500;COCONUT_COUPON;583;25;;;;;584;25;;;;;583.5;0.0
4;136600;COCONUT_COUPON;582;36;;;;;583;36;;;;;582.5;0.0
4;136700;COCONUT_COUPON;583;43;;;;;584;43;;;;;583.5;0.0
4;136800;COCONUT_COUPON;581;34;;;;;582;34;;;;;581.5;0.0
4;136900;COCONUT_COUPON;579;35;;;;;580;35;;;;;579.5;0.0
4;137000;COCONUT_COUPON;577;50;;;;;578;50;;;;;577.5;0.0
4;137100;COCONUT_COUPON;577;38;;;;;578;38;;;;;577.5;0.0
4;137200;COCONUT_COUPON;577;47;;;;;578;47;;;;;577.5;0.0
4;137300;COCONUT_COUPON;576;35;;;;;577;35;;;;;576.5;0.0
4;137400;COCONUT_COUPON;577;32;;;;;579;32;;;;;578.0;0.0
4;137500;COCONUT_COUPON;577;46;;;;;578;46;;;;;577.5;0.0
4;137600;COCONUT_COUPON;579;37;;;;;580;37;;;;;579.5;0.0
4;137700;COCONUT_COUPON;579;39;;;;;580;39;;;;;579.5;0.0
4;137800;COCONUT_COUPON;580;45;;;;;581;45;;;;;580.5;0.0
4;137900;COCONUT_COUPON;579;44;;;;;580;44;;;;;579.5;0.0
4;138000;COCONUT_COUPON;580;55;;;;;581;47;;;;;580.5;0.0
4;138100;COCONUT_COUPON;580;31;;;;;581;44;;;;;580.5;0.0
4;138200;COCONUT_COUPON;582;41;;;;;583;41;;;;;582.5;0.0
4;138300;COCONUT_COUPON;582;38;;;;;583;38;;;;;582.5;0.0
4;138400;COCONUT_COUPON;581;32;;;;;582;32;;;;;581.5;0.0
4;138500;COCONUT_COUPON;580;41;;;;;581;41;;;;;580.5;0.0
4;138600;COCONUT_COUPON;580;30;;;;;581;30;;;;;580.5;0.0
4;138700;COCONUT_COUPON;580;30;;;;;581;47;;;;;580.5;0.0
4;138800;COCONUT_COUPON;580;45;;;;;581;45;;;;;580.5;0.0
4;138900;COCONUT_COUPON;579;13;578.0;57.0;;;580;40;;;;;579.0;0.0
4;139000;COCONUT_COUPON;579;34;;;;;580;34;;;;;579.5;0.0
4;139100;COCONUT_COUPON;579;41;;;;;580;41;;;;;579.5;0.0
4;139200;COCONUT_COUPON;579;34;;;;;580;34;;;;;579.5;0.0
4;139300;COCONUT_COUPON;580;40;;;;;581;40;;;;;580.5;0.0
4;139400;COCONUT_COUPON;580;46;;;;;581;2;582.0;44.0;;;581.0;0.0
4;139500;COCONUT_COUPON;580;40;;;;;581;40;;;;;580.5;0.0
4;139600;COCONUT_COUPON;580;44;;;;;581;44;;;;;580.5;0.0
4;139700;COCONUT_COUPON;581;29;;;;;582;42;;;;;581.5;0.0
4;139800;COCONUT_COUPON;580;28;;;;;581;28;;;;;580.5;0.0
4;139900;COCONUT_COUPON;581;46;;;;;582;46;;;;;581.5;0.0
4;140000;COCONUT_COUPON;581;30;;;;;582;30;;;;;581.5;0.0
4;140100;COCONUT_COUPON;582;36;;;;;583;36;;;;;582.5;0.0
4;140200;COCONUT_COUPON;583;44;;;;;584;44;;;;;583.5;0.0
4;140300;COCONUT_COUPON;584;43;;;;;585;43;;;;;584.5;0.0
4;140400;COCONUT_COUPON;584;42;;;;;585;42;;;;;584.5;0.0
4;140500;COCONUT_COUPON;584;37;;;;;585;37;;;;;584.5;0.0
4;140600;COCONUT_COUPON;583;44;;;;;584;44;;;;;583.5;0.0
4;140700;COCONUT_COUPON;582;42;;;;;583;42;;;;;582.5;0.0
4;140800;COCONUT_COUPON;582;44;;;;;583;44;;;;;582.5;0.0
4;140900;COCONUT_COUPON;581;41;;;;;582;46;;;;;581.5;0.0
4;141000;COCONUT_COUPON;582;45;;;;;583;45;;;;;582.5;0.0
4;141100;COCONUT_COUPON;582;37;;;;;583;37;;;;;582.5;0.0
4;141200;COCONUT_COUPON;581;39;;;;;582;39;;;;;581.5;0.0
4;141300;COCONUT_COUPON;581;28;;;;;582;28;;;;;581.5;0.0
4;141400;COCONUT_COUPON;581;26;;;;;582;26;;;;;581.5;0.0
4;141500;COCONUT_COUPON;581;42;;;;;582;42;;;;;581.5;0.0
4;141600;COCONUT_COUPON;583;44;;;;;584;44;;;;;583.5;0.0
4;141700;COCONUT_COUPON;584;42;;;;;585;42;;;;;584.5;0.0
4;141800;COCONUT_COUPON;583;36;;;;;584;36;;;;;583.5;0.0
4;141900;COCONUT_COUPON;581;43;;;;;582;43;;;;;581.5;0.0
4;142000;COCONUT_COUPON;582;42;;;;;583;42;;;;;582.5;0.0
4;142100;COCONUT_COUPON;583;43;;;;;584;43;;;;;583.5;0.0
4;142200;COCONUT_COUPON;584;30;;;;;585;30;;;;;584.5;0.0
4;142300;COCONUT_COUPON;584;20;;;;;585;39;;;;;584.5;0.0
4;142400;COCONUT_COUPON;584;26;;;;;585;26;;;;;584.5;0.0
4;142500;COCONUT_COUPON;585;42;;;;;586;42;;;;;585.5;0.0
4;142600;COCONUT_COUPON;585;46;;;;;586;46;;;;;585.5;0.0
4;142700;COCONUT_COUPON;586;47;;;;;587;47;;;;;586.5;0.0
4;142800;COCONUT_COUPON;587;40;;;;;588;40;;;;;587.5;0.0
4;142900;COCONUT_COUPON;587;30;;;;;588;30;;;;;587.5;0.0
4;143000;COCONUT_COUPON;589;45;;;;;590;45;;;;;589.5;0.0
4;143100;COCONUT_COUPON;587;38;;;;;588;38;;;;;587.5;0.0
4;143200;COCONUT_COUPON;588;27;;;;;589;27;;;;;588.5;0.0
4;143300;COCONUT_COUPON;588;36;;;;;589;36;;;;;588.5;0.0
4;143400;COCONUT_COUPON;587;48;;;;;588;48;;;;;587.5;0.0
4;143500;COCONUT_COUPON;588;32;;;;;589;32;;;;;588.5;0.0
4;143600;COCONUT_COUPON;590;44;;;;;591;44;;;;;590.5;0.0
4;143700;COCONUT_COUPON;591;39;;;;;592;39;;;;;591.5;0.0
4;143800;COCONUT_COUPON;590;39;;;;;591;39;;;;;590.5;0.0
4;143900;COCONUT_COUPON;589;26;;;;;591;26;;;;;590.0;0.0
4;144000;COCONUT_COUPON;590;46;;;;;591;46;;;;;590.5;0.0
4;144100;COCONUT_COUPON;589;33;;;;;591;33;;;;;590.0;0.0
4;144200;COCONUT_COUPON;589;37;;;;;590;37;;;;;589.5;0.0
4;144300;COCONUT_COUPON;590;31;;;;;591;38;;;;;590.5;0.0
4;144400;COCONUT_COUPON;590;23;;;;;591;37;;;;;590.5;0.0
4;144500;COCONUT_COUPON;588;30;;;;;589;30;;;;;588.5;0.0
4;144600;COCONUT_COUPON;588;41;;;;;590;41;;;;;589.0;0.0
4;144700;COCONUT_COUPON;588;23;;;;;589;41;;;;;588.5;0.0
4;144800;COCONUT_COUPON;588;46;;;;;589;46;;;;;588.5;0.0
4;144900;COCONUT_COUPON;589;31;;;;;590;31;;;;;589.5;0.0
4;145000;COCONUT_COUPON;589;47;;;;;590;47;;;;;589.5;0.0
4;145100;COCONUT_COUPON;590;34;;;;;591;34;;;;;590.5;0.0
4;145200;COCONUT_COUPON;592;39;;;;;594;39;;;;;593.0;0.0
4;145300;COCONUT_COUPON;593;38;;;;;594;38;;;;;593.5;0.0
4;145400;COCONUT_COUPON;593;33;;;;;594;33;;;;;593.5;0.0
4;145500;COCONUT_COUPON;593;38;;;;;594;38;;;;;593.5;0.0
4;145600;COCONUT_COUPON;593;35;;;;;594;35;;;;;593.5;0.0
4;145700;COCONUT_COUPON;594;32;;;;;595;32;;;;;594.5;0.0
4;145800;COCONUT_COUPON;595;33;;;;;596;33;;;;;595.5;0.0
4;145900;COCONUT_COUPON;595;46;;;;;596;46;;;;;595.5;0.0
4;146000;COCONUT_COUPON;594;49;;;;;595;42;;;;;594.5;0.0
4;146100;COCONUT_COUPON;594;42;;;;;595;42;;;;;594.5;0.0
4;146200;COCONUT_COUPON;593;41;;;;;594;41;;;;;593.5;0.0
4;146300;COCONUT_COUPON;593;31;;;;;594;31;;;;;593.5;0.0
4;146400;COCONUT_COUPON;592;50;;;;;593;50;;;;;592.5;0.0
4;146500;COCONUT_COUPON;592;27;;;;;593;27;;;;;592.5;0.0
4;146600;COCONUT_COUPON;591;52;;;;;592;47;;;;;591.5;0.0
4;146700;COCONUT_COUPON;590;30;;;;;591;30;;;;;590.5;0.0
4;146800;COCONUT_COUPON;589;38;;;;;590;38;;;;;589.5;0.0
4;146900;COCONUT_COUPON;589;31;;;;;590;31;;;;;589.5;0.0
4;147000;COCONUT_COUPON;590;32;;;;;591;32;;;;;590.5;0.0
4;147100;COCONUT_COUPON;589;38;;;;;590;38;;;;;589.5;0.0
4;147200;COCONUT_COUPON;589;49;;;;;590;49;;;;;589.5;0.0
4;147300;COCONUT_COUPON;589;30;;;;;590;30;;;;;589.5;0.0
4;147400;COCONUT_COUPON;591;21;;;;;592;41;;;;;591.5;0.0
4;147500;COCONUT_COUPON;589;43;;;;;590;43;;;;;589.5;0.0
4;147600;COCONUT_COUPON;591;37;;;;;592;37;;;;;591.5;0.0
4;147700;COCONUT_COUPON;590;40;;;;;591;40;;;;;590.5;0.0
4;147800;COCONUT_COUPON;590;44;;;;;591;44;;;;;590.5;0.0
4;147900;COCONUT_COUPON;588;18;;;;;590;31;;;;;589.0;0.0
4;148000;COCONUT_COUPON;588;46;;;;;589;46;;;;;588.5;0.0
4;148100;COCONUT_COUPON;588;30;;;;;589;30;;;;;588.5;0.0
4;148200;COCONUT_COUPON;587;45;;;;;588;45;;;;;587.5;0.0
4;148300;COCONUT_COUPON;586;38;;;;;587;38;;;;;586.5;0.0
4;148400;COCONUT_COUPON;589;30;;;;;590;30;;;;;589.5;0.0
4;148500;COCONUT_COUPON;590;26;;;;;591;46;;;;;590.5;0.0
4;148600;COCONUT_COUPON;591;20;;;;;592;36;;;;;591.5;0.0
4;148700;COCONUT_COUPON;589;22;;;;;591;34;;;;;590.0;0.0
4;148800;COCONUT_COUPON;591;29;;;;;592;29;;;;;591.5;0.0
4;148900;COCONUT_COUPON;592;49;;;;;593;49;;;;;592.5;0.0
4;149000;COCONUT_COUPON;595;28;;;;;596;28;;;;;595.5;0.0
4;149100;COCONUT_COUPON;594;40;;;;;596;40;;;;;595.0;0.0
4;149200;COCONUT_COUPON;596;28;;;;;597;48;;;;;596.5;0.0
4;149300;COCONUT_COUPON;596;46;;;;;597;46;;;;;596.5;0.0
4;149400;COCONUT_COUPON;594;27;;;;;595;27;;;;;594.5;0.0
4;149500;COCONUT_COUPON;594;40;;;;;595;40;;;;;594.5;0.0
4;149600;COCONUT_COUPON;594;49;;;;;595;49;;;;;594.5;0.0
4;149700;COCONUT_COUPON;594;33;;;;;595;33;;;;;594.5;0.0
4;149800;COCONUT_COUPON;592;47;;;;;594;47;;;;;593.0;0.0
4;149900;COCONUT_COUPON;593;48;;;;;594;48;;;;;593.5;0.0
4;150000;COCONUT_COUPON;591;51;;;;;592;36;;;;;591.5;0.0
4;150100;COCONUT_COUPON;590;52;;;;;591;32;;;;;590.5;0.0
4;150200;COCONUT_COUPON;590;46;;;;;591;46;;;;;590.5;0.0
4;150300;COCONUT_COUPON;589;45;;;;;590;45;;;;;589.5;0.0
4;150400;COCONUT_COUPON;588;30;;;;;589;39;;;;;588.5;0.0
4;150500;COCONUT_COUPON;588;36;;;;;589;36;;;;;588.5;0.0
4;150600;COCONUT_COUPON;588;42;;;;;589;42;;;;;588.5;0.0
4;150700;COCONUT_COUPON;588;36;;;;;589;36;;;;;588.5;0.0
4;150800;COCONUT_COUPON;588;49;;;;;589;49;;;;;588.5;0.0
4;150900;COCONUT_COUPON;588;41;;;;;589;41;;;;;588.5;0.0
4;151000;COCONUT_COUPON;587;42;;;;;588;42;;;;;587.5;0.0
4;151100;COCONUT_COUPON;585;21;584.0;28.0;;;586;49;;;;;585.0;0.0
4;151200;COCONUT_COUPON;585;48;;;;;586;48;;;;;585.5;0.0
4;151300;COCONUT_COUPON;584;33;;;;;585;45;;;;;584.5;0.0
4;151400;COCONUT_COUPON;583;41;;;;;584;41;;;;;583.5;0.0
4;151500;COCONUT_COUPON;581;40;;;;;582;40;;;;;581.5;0.0
4;151600;COCONUT_COUPON;581;45;;;;;582;45;;;;;581.5;0.0
4;151700;COCONUT_COUPON;582;29;;;;;583;35;;;;;582.5;0.0
4;151800;COCONUT_COUPON;583;44;;;;;584;44;;;;;583.5;0.0
4;151900;COCONUT_COUPON;582;29;;;;;583;29;;;;;582.5;0.0
4;152000;COCONUT_COUPON;584;43;;;;;585;43;;;;;584.5;0.0
4;152100;COCONUT_COUPON;582;42;;;;;583;42;;;;;582.5;0.0
4;152200;COCONUT_COUPON;582;42;;;;;583;42;;;;;582.5;0.0
4;152300;COCONUT_COUPON;581;41;;;;;582;41;;;;;581.5;0.0
4;152400;COCONUT_COUPON;582;45;;;;;583;45;;;;;582.5;0.0
4;152500;COCONUT_COUPON;582;29;;;;;584;29;;;;;583.0;0.0
4;152600;COCONUT_COUPON;582;41;;;;;583;41;;;;;582.5;0.0
4;152700;COCONUT_COUPON;581;34;;;;;582;34;;;;;581.5;0.0
4;152800;COCONUT_COUPON;581;25;;;;;582;41;;;;;581.5;0.0
4;152900;COCONUT_COUPON;581;43;;;;;582;43;;;;;581.5;0.0
4;153000;COCONUT_COUPON;580;27;;;;;581;27;;;;;580.5;0.0
4;153100;COCONUT_COUPON;581;38;;;;;582;38;;;;;581.5;0.0
4;153200;COCONUT_COUPON;582;36;;;;;583;36;;;;;582.5;0.0
4;153300;COCONUT_COUPON;583;34;;;;;584;34;;;;;583.5;0.0
4;153400;COCONUT_COUPON;583;56;;;;;584;45;;;;;583.5;0.0
4;153500;COCONUT_COUPON;583;31;;;;;584;31;;;;;583.5;0.0
4;153600;COCONUT_COUPON;584;37;;;;;585;37;;;;;584.5;0.0
4;153700;COCONUT_COUPON;583;49;;;;;584;43;;;;;583.5;0.0
4;153800;COCONUT_COUPON;584;28;;;;;585;28;;;;;584.5;0.0
4;153900;COCONUT_COUPON;583;47;;;;;584;47;;;;;583.5;0.0
4;154000;COCONUT_COUPON;582;45;;;;;583;45;;;;;582.5;0.0
4;154100;COCONUT_COUPON;583;18;582.0;50.0;;;584;50;;;;;583.0;0.0
4;154200;COCONUT_COUPON;582;36;;;;;583;36;;;;;582.5;0.0
4;154300;COCONUT_COUPON;581;38;;;;;582;38;;;;;581.5;0.0
4;154400;COCONUT_COUPON;581;47;;;;;583;47;;;;;582.0;0.0
4;154500;COCONUT_COUPON;581;41;;;;;582;41;;;;;581.5;0.0
4;154600;COCONUT_COUPON;579;35;;;;;580;35;;;;;579.5;0.0
4;154700;COCONUT_COUPON;580;43;;;;;581;43;;;;;580.5;0.0
4;154800;COCONUT_COUPON;580;32;;;;;581;32;;;;;580.5;0.0
4;154900;COCONUT_COUPON;581;48;;;;;582;48;;;;;581.5;0.0
4;155000;COCONUT_COUPON;581;43;;;;;582;43;;;;;581.5;0.0
4;155100;COCONUT_COUPON;580;40;;;;;581;40;;;;;580.5;0.0
4;155200;COCONUT_COUPON;580;52;;;;;581;38;;;;;580.5;0.0
4;155300;COCONUT_COUPON;579;41;;;;;580;47;;;;;579.5;0.0
4;155400;COCONUT_COUPON;578;48;;;;;579;34;;;;;578.5;0.0
4;155500;COCONUT_COUPON;579;37;;;;;580;37;;;;;579.5;0.0
4;155600;COCONUT_COUPON;579;32;;;;;580;32;;;;;579.5;0.0
4;155700;COCONUT_COUPON;580;48;;;;;581;48;;;;;580.5;0.0
4;155800;COCONUT_COUPON;582;26;;;;;583;35;;;;;582.5;0.0
4;155900;COCONUT_COUPON;581;40;;;;;582;40;;;;;581.5;0.0
4;156000;COCONUT_COUPON;581;39;;;;;582;39;;;;;581.5;0.0
4;156100;COCONUT_COUPON;581;58;;;;;582;45;;;;;581.5;0.0
4;156200;COCONUT_COUPON;579;33;;;;;580;33;;;;;579.5;0.0
4;156300;COCONUT_COUPON;579;46;;;;;580;46;;;;;579.5;0.0
4;156400;COCONUT_COUPON;577;28;;;;;578;28;;;;;577.5;0.0
4;156500;COCONUT_COUPON;578;38;;;;;579;38;;;;;578.5;0.0
4;156600;COCONUT_COUPON;578;49;;;;;579;49;;;;;578.5;0.0
4;156700;COCONUT_COUPON;579;19;;;;;580;29;;;;;579.5;0.0
4;156800;COCONUT_COUPON;579;43;;;;;580;43;;;;;579.5;0.0
4;156900;COCONUT_COUPON;579;37;;;;;580;37;;;;;579.5;0.0
4;157000;COCONUT_COUPON;579;29;;;;;580;43;;;;;579.5;0.0
4;157100;COCONUT_COUPON;579;33;;;;;580;33;;;;;579.5;0.0
4;157200;COCONUT_COUPON;578;45;;;;;579;45;;;;;578.5;0.0
4;157300;COCONUT_COUPON;579;38;;;;;580;38;;;;;579.5;0.0
4;157400;COCONUT_COUPON;578;34;;;;;579;34;;;;;578.5;0.0
4;157500;COCONUT_COUPON;576;37;;;;;577;37;;;;;576.5;0.0
4;157600;COCONUT_COUPON;576;34;;;;;577;34;;;;;576.5;0.0
4;157700;COCONUT_COUPON;577;30;;;;;578;30;;;;;577.5;0.0
4;157800;COCONUT_COUPON;576;32;;;;;577;32;;;;;576.5;0.0
4;157900;COCONUT_COUPON;579;33;;;;;580;33;;;;;579.5;0.0
4;158000;COCONUT_COUPON;580;19;;;;;581;38;;;;;580.5;0.0
4;158100;COCONUT_COUPON;579;44;;;;;580;44;;;;;579.5;0.0
4;158200;COCONUT_COUPON;580;35;;;;;581;35;;;;;580.5;0.0
4;158300;COCONUT_COUPON;580;30;;;;;581;30;;;;;580.5;0.0
4;158400;COCONUT_COUPON;583;12;582.0;47.0;;;584;47;;;;;583.0;0.0
4;158500;COCONUT_COUPON;584;41;;;;;585;41;;;;;584.5;0.0
4;158600;COCONUT_COUPON;585;44;;;;;586;44;;;;;585.5;0.0
4;158700;COCONUT_COUPON;584;47;;;;;585;47;;;;;584.5;0.0
4;158800;COCONUT_COUPON;585;24;;;;;586;36;;;;;585.5;0.0
4;158900;COCONUT_COUPON;585;31;;;;;586;31;;;;;585.5;0.0
4;159000;COCONUT_COUPON;585;37;;;;;587;37;;;;;586.0;0.0
4;159100;COCONUT_COUPON;586;39;;;;;587;39;;;;;586.5;0.0
4;159200;COCONUT_COUPON;586;39;;;;;587;39;;;;;586.5;0.0
4;159300;COCONUT_COUPON;587;36;;;;;588;36;;;;;587.5;0.0
4;159400;COCONUT_COUPON;586;38;;;;;587;38;;;;;586.5;0.0
4;159500;COCONUT_COUPON;587;40;;;;;588;40;;;;;587.5;0.0
4;159600;COCONUT_COUPON;587;28;;;;;588;28;;;;;587.5;0.0
4;159700;COCONUT_COUPON;588;34;;;;;589;44;;;;;588.5;0.0
4;159800;COCONUT_COUPON;589;33;;;;;590;33;;;;;589.5;0.0
4;159900;COCONUT_COUPON;589;43;;;;;590;43;;;;;589.5;0.0
4;160000;COCONUT_COUPON;590;42;;;;;591;42;;;;;590.5;0.0
4;160100;COCONUT_COUPON;591;39;;;;;592;39;;;;;591.5;0.0
4;160200;COCONUT_COUPON;591;44;;;;;592;44;;;;;591.5;0.0
4;160300;COCONUT_COUPON;590;56;;;;;591;37;;;;;590.5;0.0
4;160400;COCONUT_COUPON;592;20;;;;;593;36;;;;;592.5;0.0
4;160500;COCONUT_COUPON;593;30;;;;;594;30;;;;;593.5;0.0
4;160600;COCONUT_COUPON;595;40;;;;;596;40;;;;;595.5;0.0
4;160700;COCONUT_COUPON;594;39;;;;;595;39;;;;;594.5;0.0
4;160800;COCONUT_COUPON;594;51;;;;;595;51;;;;;594.5;0.0
4;160900;COCONUT_COUPON;595;34;;;;;596;38;;;;;595.5;0.0
4;161000;COCONUT_COUPON;593;35;;;;;594;35;;;;;593.5;0.0
4;161100;COCONUT_COUPON;594;34;;;;;595;34;;;;;594.5;0.0
4;161200;COCONUT_COUPON;593;30;;;;;594;30;;;;;593.5;0.0
4;161300;COCONUT_COUPON;592;30;;;;;593;30;;;;;592.5;0.0
4;161400;COCONUT_COUPON;593;29;;;;;594;29;;;;;593.5;0.0
4;161500;COCONUT_COUPON;594;37;;;;;595;37;;;;;594.5;0.0
4;161600;COCONUT_COUPON;593;47;;;;;594;47;;;;;593.5;0.0
4;161700;COCONUT_COUPON;592;40;;;;;593;40;;;;;592.5;0.0
4;161800;COCONUT_COUPON;592;29;;;;;593;37;;;;;592.5;0.0
4;161900;COCONUT_COUPON;591;45;;;;;592;45;;;;;591.5;0.0
4;162000;COCONUT_COUPON;594;47;;;;;595;47;;;;;594.5;0.0
4;162100;COCONUT_COUPON;593;42;;;;;594;42;;;;;593.5;0.0
4;162200;COCONUT_COUPON;594;39;;;;;595;48;;;;;594.5;0.0
4;162300;COCONUT_COUPON;594;33;;;;;595;33;;;;;594.5;0.0
4;162400;COCONUT_COUPON;592;32;;;;;594;32;;;;;593.0;0.0
4;162500;COCONUT_COUPON;593;41;;;;;594;41;;;;;593.5;0.0
4;162600;COCONUT_COUPON;594;44;;;;;595;44;;;;;594.5;0.0
4;162700;COCONUT_COUPON;596;43;;;;;597;43;;;;;596.5;0.0
4;162800;COCONUT_COUPON;596;36;;;;;597;36;;;;;596.5;0.0
4;162900;COCONUT_COUPON;596;46;;;;;597;46;;;;;596.5;0.0
4;163000;COCONUT_COUPON;596;37;;;;;597;37;;;;;596.5;0.0
4;163100;COCONUT_COUPON;595;36;;;;;596;36;;;;;595.5;0.0
4;163200;COCONUT_COUPON;595;29;;;;;596;29;;;;;595.5;0.0
4;163300;COCONUT_COUPON;596;35;;;;;597;35;;;;;596.5;0.0
4;163400;COCONUT_COUPON;596;37;;;;;597;37;;;;;596.5;0.0
4;163500;COCONUT_COUPON;599;42;;;;;600;42;;;;;599.5;0.0
4;163600;COCONUT_COUPON;599;36;;;;;600;36;;;;;599.5;0.0
4;163700;COCONUT_COUPON;598;34;;;;;599;18;600.0;34.0;;;599.0;0.0
4;163800;COCONUT_COUPON;599;41;;;;;600;41;;;;;599.5;0.0
4;163900;COCONUT_COUPON;599;27;;;;;600;27;;;;;599.5;0.0
4;164000;COCONUT_COUPON;601;52;;;;;602;42;;;;;601.5;0.0
4;164100;COCONUT_COUPON;601;29;;;;;602;29;;;;;601.5;0.0
4;164200;COCONUT_COUPON;603;18;;;;;604;37;;;;;603.5;0.0
4;164300;COCONUT_COUPON;604;44;;;;;605;18;606.0;26.0;;;605.0;0.0
4;164400;COCONUT_COUPON;605;47;;;;;606;47;;;;;605.5;0.0
4;164500;COCONUT_COUPON;605;37;;;;;606;32;;;;;605.5;0.0
4;164600;COCONUT_COUPON;605;42;;;;;606;42;;;;;605.5;0.0
4;164700;COCONUT_COUPON;602;43;;;;;603;43;;;;;602.5;0.0
4;164800;COCONUT_COUPON;602;43;;;;;603;43;;;;;602.5;0.0
4;164900;COCONUT_COUPON;603;40;;;;;604;40;;;;;603.5;0.0
4;165000;COCONUT_COUPON;602;32;;;;;603;42;;;;;602.5;0.0
4;165100;COCONUT_COUPON;601;46;;;;;602;46;;;;;601.5;0.0
4;165200;COCONUT_COUPON;600;34;;;;;601;34;;;;;600.5;0.0
4;165300;COCONUT_COUPON;600;43;;;;;601;43;;;;;600.5;0.0
4;165400;COCONUT_COUPON;600;46;;;;;601;46;;;;;600.5;0.0
4;165500;COCONUT_COUPON;600;41;;;;;601;41;;;;;600.5;0.0
4;165600;COCONUT_COUPON;601;15;600.0;36.0;;;602;36;;;;;601.0;0.0
4;165700;COCONUT_COUPON;600;40;;;;;601;40;;;;;600.5;0.0
4;165800;COCONUT_COUPON;599;28;;;;;600;28;;;;;599.5;0.0
4;165900;COCONUT_COUPON;597;51;;;;;598;51;;;;;597.5;0.0
4;166000;COCONUT_COUPON;597;40;;;;;599;40;;;;;598.0;0.0
4;166100;COCONUT_COUPON;596;48;;;;;597;48;;;;;596.5;0.0
4;166200;COCONUT_COUPON;596;37;;;;;597;37;;;;;596.5;0.0
4;166300;COCONUT_COUPON;596;45;;;;;597;45;;;;;596.5;0.0
4;166400;COCONUT_COUPON;596;48;;;;;597;37;;;;;596.5;0.0
4;166500;COCONUT_COUPON;596;28;;;;;597;28;;;;;596.5;0.0
4;166600;COCONUT_COUPON;598;21;;;;;599;40;;;;;598.5;0.0
4;166700;COCONUT_COUPON;598;29;;;;;599;39;;;;;598.5;0.0
4;166800;COCONUT_COUPON;600;47;;;;;601;47;;;;;600.5;0.0
4;166900;COCONUT_COUPON;601;35;;;;;602;27;;;;;601.5;0.0
4;167000;COCONUT_COUPON;604;31;;;;;605;31;;;;;604.5;0.0
4;167100;COCONUT_COUPON;606;38;;;;;607;38;;;;;606.5;0.0
4;167200;COCONUT_COUPON;607;40;;;;;608;40;;;;;607.5;0.0
4;167300;COCONUT_COUPON;607;19;;;;;608;39;;;;;607.5;0.0
4;167400;COCONUT_COUPON;607;28;;;;;608;37;;;;;607.5;0.0
4;167500;COCONUT_COUPON;607;43;;;;;608;43;;;;;607.5;0.0
4;167600;COCONUT_COUPON;609;45;;;;;610;45;;;;;609.5;0.0
4;167700;COCONUT_COUPON;608;29;;;;;609;29;;;;;608.5;0.0
4;167800;COCONUT_COUPON;608;45;;;;;609;45;;;;;608.5;0.0
4;167900;COCONUT_COUPON;608;36;;;;;609;36;;;;;608.5;0.0
4;168000;COCONUT_COUPON;609;36;;;;;610;36;;;;;609.5;0.0
4;168100;COCONUT_COUPON;610;36;;;;;611;36;;;;;610.5;0.0
4;168200;COCONUT_COUPON;607;39;;;;;608;39;;;;;607.5;0.0
4;168300;COCONUT_COUPON;608;44;;;;;609;44;;;;;608.5;0.0
4;168400;COCONUT_COUPON;606;46;;;;;607;46;;;;;606.5;0.0
4;168500;COCONUT_COUPON;605;47;;;;;606;47;;;;;605.5;0.0
4;168600;COCONUT_COUPON;606;41;;;;;607;41;;;;;606.5;0.0
4;168700;COCONUT_COUPON;606;41;;;;;607;41;;;;;606.5;0.0
4;168800;COCONUT_COUPON;606;45;;;;;607;45;;;;;606.5;0.0
4;168900;COCONUT_COUPON;607;36;;;;;608;36;;;;;607.5;0.0
4;169000;COCONUT_COUPON;607;43;;;;;608;43;;;;;607.5;0.0
4;169100;COCONUT_COUPON;607;33;;;;;608;33;;;;;607.5;0.0
4;169200;COCONUT_COUPON;607;36;;;;;608;36;;;;;607.5;0.0
4;169300;COCONUT_COUPON;607;34;;;;;608;34;;;;;607.5;0.0
4;169400;COCONUT_COUPON;607;46;;;;;608;46;;;;;607.5;0.0
4;169500;COCONUT_COUPON;605;13;;;;;606;32;;;;;605.5;0.0
4;169600;COCONUT_COUPON;606;32;;;;;607;32;;;;;606.5;0.0
4;169700;COCONUT_COUPON;606;37;;;;;607;19;608.0;18.0;;;606.5;0.0
4;169800;COCONUT_COUPON;606;40;;;;;607;40;;;;;606.5;0.0
4;169900;COCONUT_COUPON;607;32;;;;;608;32;;;;;607.5;0.0
4;170000;COCONUT_COUPON;609;38;;;;;610;28;;;;;609.5;0.0
4;170100;COCONUT_COUPON;609;33;;;;;610;33;;;;;609.5;0.0
4;170200;COCONUT_COUPON;609;37;;;;;611;51;;;;;610.0;0.0
4;170300;COCONUT_COUPON;608;57;;;;;609;41;;;;;608.5;0.0
4;170400;COCONUT_COUPON;608;42;;;;;610;42;;;;;609.0;0.0
4;170500;COCONUT_COUPON;609;36;;;;;610;36;;;;;609.5;0.0
4;170600;COCONUT_COUPON;607;46;;;;;608;41;;;;;607.5;0.0
4;170700;COCONUT_COUPON;607;32;;;;;608;17;609.0;15.0;;;607.5;0.0
4;170800;COCONUT_COUPON;607;28;;;;;609;28;;;;;608.0;0.0
4;170900;COCONUT_COUPON;608;34;;;;;609;34;;;;;608.5;0.0
4;171000;COCONUT_COUPON;609;42;;;;;610;42;;;;;609.5;0.0
4;171100;COCONUT_COUPON;607;31;;;;;609;31;;;;;608.0;0.0
4;171200;COCONUT_COUPON;608;46;;;;;609;46;;;;;608.5;0.0
4;171300;COCONUT_COUPON;608;30;;;;;609;30;;;;;608.5;0.0
4;171400;COCONUT_COUPON;607;32;;;;;608;32;;;;;607.5;0.0
4;171500;COCONUT_COUPON;607;1;606.0;46.0;;;608;47;;;;;607.0;0.0
4;171600;COCONUT_COUPON;606;41;;;;;607;41;;;;;606.5;0.0
4;171700;COCONUT_COUPON;606;40;;;;;607;40;;;;;606.5;0.0
4;171800;COCONUT_COUPON;605;37;;;;;606;37;;;;;605.5;0.0
4;171900;COCONUT_COUPON;606;36;;;;;607;36;;;;;606.5;0.0
4;172000;COCONUT_COUPON;607;48;;;;;609;48;;;;;608.0;0.0
4;172100;COCONUT_COUPON;606;33;;;;;607;33;;;;;606.5;0.0
4;172200;COCONUT_COUPON;607;27;;;;;608;27;;;;;607.5;0.0
4;172300;COCONUT_COUPON;607;29;;;;;608;29;;;;;607.5;0.0
4;172400;COCONUT_COUPON;608;62;;;;;609;45;;;;;608.5;0.0
4;172500;COCONUT_COUPON;607;42;;;;;608;37;;;;;607.5;0.0
4;172600;COCONUT_COUPON;607;38;;;;;608;38;;;;;607.5;0.0
4;172700;COCONUT_COUPON;607;35;;;;;608;35;;;;;607.5;0.0
4;172800;COCONUT_COUPON;608;32;;;;;609;32;;;;;608.5;0.0
4;172900;COCONUT_COUPON;609;43;;;;;610;43;;;;;609.5;0.0
4;173000;COCONUT_COUPON;608;41;;;;;609;41;;;;;608.5;0.0
4;173100;COCONUT_COUPON;609;37;;;;;610;1;611.0;36.0;;;610.0;0.0
4;173200;COCONUT_COUPON;608;41;;;;;609;12;610.0;29.0;;;609.0;0.0
4;173300;COCONUT_COUPON;609;41;;;;;610;41;;;;;609.5;0.0
4;173400;COCONUT_COUPON;609;31;;;;;610;31;;;;;609.5;0.0
4;173500;COCONUT_COUPON;608;32;;;;;609;32;;;;;608.5;0.0
4;173600;COCONUT_COUPON;607;40;;;;;608;40;;;;;607.5;0.0
4;173700;COCONUT_COUPON;609;41;;;;;610;41;;;;;609.5;0.0
4;173800;COCONUT_COUPON;609;48;;;;;610;48;;;;;609.5;0.0
4;173900;COCONUT_COUPON;610;34;;;;;611;34;;;;;610.5;0.0
4;174000;COCONUT_COUPON;608;39;;;;;609;39;;;;;608.5;0.0
4;174100;COCONUT_COUPON;608;55;;;;;609;38;;;;;608.5;0.0
4;174200;COCONUT_COUPON;610;44;;;;;612;44;;;;;611.0;0.0
4;174300;COCONUT_COUPON;609;53;;;;;610;38;;;;;609.5;0.0
4;174400;COCONUT_COUPON;609;41;;;;;610;41;;;;;609.5;0.0
4;174500;COCONUT_COUPON;609;33;;;;;611;33;;;;;610.0;0.0
4;174600;COCONUT_COUPON;610;41;;;;;611;41;;;;;610.5;0.0
4;174700;COCONUT_COUPON;611;36;;;;;612;36;;;;;611.5;0.0
4;174800;COCONUT_COUPON;612;37;;;;;613;37;;;;;612.5;0.0
4;174900;COCONUT_COUPON;609;49;;;;;610;20;611.0;29.0;;;610.0;0.0
4;175000;COCONUT_COUPON;609;44;;;;;610;44;;;;;609.5;0.0
4;175100;COCONUT_COUPON;609;44;;;;;611;44;;;;;610.0;0.0
4;175200;COCONUT_COUPON;608;37;;;;;609;37;;;;;608.5;0.0
4;175300;COCONUT_COUPON;608;37;;;;;609;37;;;;;608.5;0.0
4;175400;COCONUT_COUPON;608;38;;;;;610;38;;;;;609.0;0.0
4;175500;COCONUT_COUPON;608;36;;;;;610;36;;;;;609.0;0.0
4;175600;COCONUT_COUPON;607;35;;;;;609;35;;;;;608.0;0.0
4;175700;COCONUT_COUPON;608;37;;;;;609;37;;;;;608.5;0.0
4;175800;COCONUT_COUPON;607;37;;;;;608;37;;;;;607.5;0.0
4;175900;COCONUT_COUPON;608;39;;;;;609;39;;;;;608.5;0.0
4;176000;COCONUT_COUPON;607;49;;;;;608;49;;;;;607.5;0.0
4;176100;COCONUT_COUPON;608;44;;;;;609;44;;;;;608.5;0.0
4;176200;COCONUT_COUPON;607;30;;;;;608;30;;;;;607.5;0.0
4;176300;COCONUT_COUPON;609;44;;;;;610;44;;;;;609.5;0.0
4;176400;COCONUT_COUPON;608;34;;;;;609;34;;;;;608.5;0.0
4;176500;COCONUT_COUPON;609;43;;;;;610;43;;;;;609.5;0.0
4;176600;COCONUT_COUPON;610;30;;;;;611;30;;;;;610.5;0.0
4;176700;COCONUT_COUPON;611;38;;;;;612;38;;;;;611.5;0.0
4;176800;COCONUT_COUPON;611;33;;;;;612;33;;;;;611.5;0.0
4;176900;COCONUT_COUPON;611;38;;;;;612;38;;;;;611.5;0.0
4;177000;COCONUT_COUPON;613;33;;;;;614;33;;;;;613.5;0.0
4;177100;COCONUT_COUPON;612;36;;;;;613;36;;;;;612.5;0.0
4;177200;COCONUT_COUPON;612;40;;;;;613;40;;;;;612.5;0.0
4;177300;COCONUT_COUPON;611;49;;;;;612;49;;;;;611.5;0.0
4;177400;COCONUT_COUPON;611;32;;;;;612;32;;;;;611.5;0.0
4;177500;COCONUT_COUPON;611;35;;;;;612;42;;;;;611.5;0.0
4;177600;COCONUT_COUPON;612;12;;;;;613;29;;;;;612.5;0.0
4;177700;COCONUT_COUPON;612;37;;;;;613;37;;;;;612.5;0.0
4;177800;COCONUT_COUPON;611;63;;;;;612;43;;;;;611.5;0.0
4;177900;COCONUT_COUPON;612;35;;;;;613;35;;;;;612.5;0.0
4;178000;COCONUT_COUPON;613;29;;;;;614;29;;;;;613.5;0.0
4;178100;COCONUT_COUPON;612;36;;;;;613;36;;;;;612.5;0.0
4;178200;COCONUT_COUPON;615;64;;;;;616;45;;;;;615.5;0.0
4;178300;COCONUT_COUPON;616;32;;;;;617;32;;;;;616.5;0.0
4;178400;COCONUT_COUPON;615;36;;;;;617;36;;;;;616.0;0.0
4;178500;COCONUT_COUPON;616;29;;;;;617;29;;;;;616.5;0.0
4;178600;COCONUT_COUPON;615;42;;;;;616;42;;;;;615.5;0.0
4;178700;COCONUT_COUPON;615;32;;;;;616;32;;;;;615.5;0.0
4;178800;COCONUT_COUPON;616;15;615.0;18.0;;;617;33;;;;;616.0;0.0
4;178900;COCONUT_COUPON;616;41;;;;;617;41;;;;;616.5;0.0
4;179000;COCONUT_COUPON;616;40;;;;;617;40;;;;;616.5;0.0
4;179100;COCONUT_COUPON;617;35;;;;;619;35;;;;;618.0;0.0
