day;timestamp;product;bid_price_1;bid_volume_1;bid_price_2;bid_volume_2;bid_price_3;bid_volume_3;ask_price_1;ask_volume_1;ask_price_2;ask_volume_2;ask_price_3;ask_volume_3;mid_price;profit_and_loss
2;0;ORCHIDS;1053;10;1052.0;3.0;1046.0;41.0;1059;10;1060.0;3.0;1067.0;41.0;1056.5;0.0
2;100;ORCHIDS;1051;6;1050.0;2.0;1045.0;51.0;1058;6;1059.0;2.0;1065.0;51.0;1055.0;0.0
2;200;ORCHIDS;1051;6;1050.0;3.0;1045.0;49.0;1058;6;1059.0;3.0;1065.0;49.0;1055.0;0.0
2;300;ORCHIDS;1052;10;1051.0;4.0;1045.0;52.0;1059;10;1060.0;4.0;1066.0;52.0;1055.5;0.0
2;400;ORCHIDS;1053;10;1052.0;3.0;1046.0;51.0;1060;10;1061.0;3.0;1067.0;51.0;1056.5;0.0
2;500;ORCHIDS;1053;5;1052.0;4.0;1047.0;41.0;1060;5;1061.0;4.0;1067.0;41.0;1057.0;0.0
2;600;ORCHIDS;1054;10;1053.0;3.0;1048.0;49.0;1061;10;1062.0;3.0;1068.0;49.0;1058.0;0.0
2;700;ORCHIDS;1054;6;1053.0;5.0;1047.0;41.0;1061;6;1062.0;5.0;1068.0;41.0;1057.5;0.0
2;800;ORCHIDS;1054;10;1053.0;3.0;1048.0;47.0;1061;10;1062.0;3.0;1068.0;47.0;1058.0;0.0
2;900;ORCHIDS;1054;10;1053.0;5.0;1048.0;45.0;1061;10;1062.0;5.0;1068.0;45.0;1058.0;0.0
2;1000;ORCHIDS;1054;8;1053.0;3.0;1047.0;54.0;1061;8;1062.0;3.0;1068.0;54.0;1057.5;0.0
2;1100;ORCHIDS;1054;10;1053.0;3.0;1047.0;57.0;1060;10;1061.0;3.0;1068.0;57.0;1057.5;0.0
2;1200;ORCHIDS;1055;9;1054.0;5.0;1049.0;49.0;1062;9;1063.0;5.0;1069.0;49.0;1059.0;0.0
2;1300;ORCHIDS;1055;6;1054.0;4.0;1049.0;39.0;1062;6;1063.0;4.0;1069.0;39.0;1059.0;0.0
2;1400;ORCHIDS;1058;5;1057.0;4.0;1051.0;45.0;1065;5;1066.0;4.0;1072.0;45.0;1061.5;0.0
2;1500;ORCHIDS;1057;9;1056.0;2.0;1050.0;54.0;1064;9;1065.0;2.0;1071.0;54.0;1060.5;0.0
2;1600;ORCHIDS;1058;7;1057.0;2.0;1051.0;42.0;1065;7;1066.0;2.0;1072.0;42.0;1061.5;0.0
2;1700;ORCHIDS;1057;8;1056.0;4.0;1051.0;50.0;1064;8;1065.0;4.0;1071.0;50.0;1061.0;0.0
2;1800;ORCHIDS;1056;6;1055.0;4.0;1050.0;49.0;1063;6;1064.0;4.0;1070.0;49.0;1060.0;0.0
2;1900;ORCHIDS;1056;5;1055.0;4.0;1050.0;40.0;1063;5;1064.0;4.0;1070.0;40.0;1060.0;0.0
2;2000;ORCHIDS;1059;8;1058.0;2.0;1052.0;41.0;1066;8;1067.0;2.0;1073.0;41.0;1062.5;0.0
2;2100;ORCHIDS;1058;7;1057.0;3.0;1051.0;48.0;1065;7;1066.0;3.0;1072.0;48.0;1061.5;0.0
2;2200;ORCHIDS;1058;7;1057.0;2.0;1051.0;48.0;1064;7;1065.0;2.0;1072.0;48.0;1061.5;0.0
2;2300;ORCHIDS;1056;9;1055.0;4.0;1049.0;47.0;1063;9;1064.0;4.0;1070.0;47.0;1059.5;0.0
2;2400;ORCHIDS;1057;10;1056.0;3.0;1050.0;51.0;1064;10;1065.0;3.0;1071.0;51.0;1060.5;0.0
2;2500;ORCHIDS;1056;10;1055.0;3.0;1049.0;48.0;1063;10;1064.0;3.0;1070.0;48.0;1059.5;0.0
2;2600;ORCHIDS;1055;6;1054.0;5.0;1048.0;36.0;1062;6;1063.0;5.0;1069.0;36.0;1058.5;0.0
2;2700;ORCHIDS;1055;8;1054.0;3.0;1049.0;48.0;1062;8;1063.0;3.0;1069.0;48.0;1059.0;0.0
2;2800;ORCHIDS;1055;8;1054.0;5.0;1049.0;42.0;1062;8;1063.0;5.0;1069.0;42.0;1059.0;0.0
2;2900;ORCHIDS;1054;10;1053.0;4.0;1048.0;47.0;1061;10;1062.0;4.0;1068.0;47.0;1058.0;0.0
2;3000;ORCHIDS;1054;10;1053.0;5.0;1048.0;48.0;1061;10;1062.0;5.0;1068.0;48.0;1058.0;0.0
2;3100;ORCHIDS;1055;5;1054.0;3.0;1048.0;48.0;1062;5;1063.0;3.0;1069.0;48.0;1058.5;0.0
2;3200;ORCHIDS;1053;6;1052.0;5.0;1047.0;46.0;1060;6;1061.0;5.0;1067.0;46.0;1057.0;0.0
2;3300;ORCHIDS;1053;6;1052.0;3.0;1046.0;44.0;1060;6;1061.0;3.0;1067.0;44.0;1056.5;0.0
2;3400;ORCHIDS;1052;6;1051.0;2.0;1045.0;50.0;1059;6;1060.0;2.0;1066.0;50.0;1055.5;0.0
2;3500;ORCHIDS;1053;6;1052.0;3.0;1046.0;41.0;1060;6;1061.0;3.0;1067.0;41.0;1056.5;0.0
2;3600;ORCHIDS;1055;8;1054.0;5.0;1048.0;53.0;1062;8;1063.0;5.0;1069.0;53.0;1058.5;0.0
2;3700;ORCHIDS;1056;5;1055.0;3.0;1050.0;45.0;1063;5;1064.0;3.0;1070.0;45.0;1060.0;0.0
2;3800;ORCHIDS;1055;10;1054.0;5.0;1049.0;50.0;1062;10;1063.0;5.0;1069.0;50.0;1059.0;0.0
2;3900;ORCHIDS;1054;8;1053.0;3.0;1048.0;45.0;1061;8;1062.0;3.0;1068.0;45.0;1058.0;0.0
2;4000;ORCHIDS;1054;10;1053.0;4.0;1048.0;56.0;1061;10;1062.0;4.0;1068.0;56.0;1058.0;0.0
2;4100;ORCHIDS;1053;8;1052.0;5.0;1047.0;44.0;1060;8;1061.0;5.0;1067.0;44.0;1057.0;0.0
2;4200;ORCHIDS;1054;6;1053.0;5.0;1048.0;52.0;1061;6;1062.0;5.0;1068.0;52.0;1058.0;0.0
2;4300;ORCHIDS;1054;9;1053.0;5.0;1048.0;51.0;1061;9;1062.0;5.0;1068.0;51.0;1058.0;0.0
2;4400;ORCHIDS;1057;5;1056.0;5.0;1050.0;43.0;1064;5;1065.0;5.0;1071.0;43.0;1060.5;0.0
2;4500;ORCHIDS;1055;7;1054.0;5.0;1049.0;44.0;1062;7;1063.0;5.0;1069.0;44.0;1059.0;0.0
2;4600;ORCHIDS;1053;9;1052.0;3.0;1046.0;42.0;1060;9;1061.0;3.0;1067.0;42.0;1056.5;0.0
2;4700;ORCHIDS;1053;6;1052.0;3.0;1047.0;52.0;1060;6;1061.0;3.0;1067.0;52.0;1057.0;0.0
2;4800;ORCHIDS;1055;8;1054.0;2.0;1049.0;53.0;1062;8;1063.0;2.0;1069.0;53.0;1059.0;0.0
2;4900;ORCHIDS;1058;5;1057.0;2.0;1051.0;47.0;1065;5;1066.0;2.0;1072.0;47.0;1061.5;0.0
2;5000;ORCHIDS;1059;8;1058.0;4.0;1052.0;53.0;1066;8;1067.0;4.0;1073.0;53.0;1062.5;0.0
2;5100;ORCHIDS;1060;6;1059.0;2.0;1053.0;43.0;1067;6;1068.0;2.0;1074.0;43.0;1063.5;0.0
2;5200;ORCHIDS;1061;9;1060.0;2.0;1055.0;51.0;1068;9;1069.0;2.0;1075.0;51.0;1065.0;0.0
2;5300;ORCHIDS;1061;9;1060.0;5.0;1054.0;41.0;1068;9;1069.0;5.0;1075.0;41.0;1064.5;0.0
2;5400;ORCHIDS;1062;6;1061.0;5.0;1056.0;39.0;1069;6;1070.0;5.0;1076.0;39.0;1066.0;0.0
2;5500;ORCHIDS;1065;10;1064.0;3.0;1058.0;56.0;1072;10;1073.0;3.0;1079.0;56.0;1068.5;0.0
2;5600;ORCHIDS;1067;5;1066.0;2.0;1061.0;43.0;1074;5;1075.0;2.0;1081.0;43.0;1071.0;0.0
2;5700;ORCHIDS;1067;7;1066.0;5.0;1060.0;55.0;1074;7;1075.0;5.0;1081.0;55.0;1070.5;0.0
2;5800;ORCHIDS;1067;10;1066.0;4.0;1060.0;53.0;1074;10;1075.0;4.0;1081.0;53.0;1070.5;0.0
2;5900;ORCHIDS;1067;9;1066.0;5.0;1061.0;52.0;1074;9;1075.0;5.0;1081.0;52.0;1071.0;0.0
2;6000;ORCHIDS;1068;10;1067.0;4.0;1062.0;58.0;1075;10;1076.0;4.0;1082.0;58.0;1072.0;0.0
2;6100;ORCHIDS;1069;8;1068.0;5.0;1062.0;49.0;1076;8;1077.0;5.0;1083.0;49.0;1072.5;0.0
2;6200;ORCHIDS;1068;9;1067.0;2.0;1061.0;43.0;1075;9;1076.0;2.0;1082.0;43.0;1071.5;0.0
2;6300;ORCHIDS;1065;9;1064.0;2.0;1059.0;46.0;1072;9;1073.0;2.0;1079.0;46.0;1069.0;0.0
2;6400;ORCHIDS;1065;7;1064.0;4.0;1059.0;48.0;1072;7;1073.0;4.0;1079.0;48.0;1069.0;0.0
2;6500;ORCHIDS;1065;9;1064.0;4.0;1058.0;46.0;1072;9;1073.0;4.0;1079.0;46.0;1068.5;0.0
2;6600;ORCHIDS;1064;10;1063.0;4.0;1057.0;48.0;1071;10;1072.0;4.0;1078.0;48.0;1067.5;0.0
2;6700;ORCHIDS;1066;9;1065.0;2.0;1059.0;51.0;1073;9;1074.0;2.0;1080.0;51.0;1069.5;0.0
2;6800;ORCHIDS;1065;5;1064.0;5.0;1059.0;50.0;1072;5;1073.0;5.0;1079.0;50.0;1069.0;0.0
2;6900;ORCHIDS;1065;5;1064.0;5.0;1058.0;41.0;1072;5;1073.0;5.0;1079.0;41.0;1068.5;0.0
2;7000;ORCHIDS;1064;10;1063.0;3.0;1057.0;48.0;1071;10;1072.0;3.0;1078.0;48.0;1067.5;0.0
2;7100;ORCHIDS;1063;6;1062.0;5.0;1057.0;49.0;1070;6;1071.0;5.0;1077.0;49.0;1067.0;0.0
2;7200;ORCHIDS;1063;8;1062.0;3.0;1057.0;38.0;1070;8;1071.0;3.0;1077.0;38.0;1067.0;0.0
2;7300;ORCHIDS;1062;8;1061.0;3.0;1056.0;44.0;1069;8;1070.0;3.0;1076.0;44.0;1066.0;0.0
2;7400;ORCHIDS;1064;10;1063.0;3.0;1057.0;46.0;1071;10;1072.0;3.0;1078.0;46.0;1067.5;0.0
2;7500;ORCHIDS;1064;8;1063.0;4.0;1057.0;40.0;1071;8;1072.0;4.0;1078.0;40.0;1067.5;0.0
2;7600;ORCHIDS;1066;9;1065.0;5.0;1059.0;53.0;1073;9;1074.0;5.0;1080.0;53.0;1069.5;0.0
2;7700;ORCHIDS;1063;7;1062.0;3.0;1057.0;44.0;1070;7;1071.0;3.0;1077.0;44.0;1067.0;0.0
2;7800;ORCHIDS;1065;8;1064.0;3.0;1059.0;41.0;1072;8;1073.0;3.0;1079.0;41.0;1069.0;0.0
2;7900;ORCHIDS;1064;6;1063.0;2.0;1057.0;41.0;1071;6;1072.0;2.0;1078.0;41.0;1067.5;0.0
2;8000;ORCHIDS;1069;2;1064.0;9.0;1063.0;2.0;1071;9;1072.0;2.0;1078.0;48.0;1071.0;0.0
2;8100;ORCHIDS;1066;6;1065.0;2.0;1059.0;47.0;1073;6;1074.0;2.0;1080.0;47.0;1069.5;0.0
2;8200;ORCHIDS;1065;5;1064.0;2.0;1058.0;43.0;1072;5;1073.0;2.0;1079.0;43.0;1068.5;0.0
2;8300;ORCHIDS;1066;6;1065.0;4.0;1059.0;43.0;1073;6;1074.0;4.0;1080.0;43.0;1069.5;0.0
2;8400;ORCHIDS;1065;9;1064.0;3.0;1059.0;46.0;1072;9;1073.0;3.0;1079.0;46.0;1069.0;0.0
2;8500;ORCHIDS;1066;7;1065.0;2.0;1059.0;39.0;1073;7;1074.0;2.0;1080.0;39.0;1069.5;0.0
2;8600;ORCHIDS;1064;8;1063.0;4.0;1057.0;46.0;1071;8;1072.0;4.0;1078.0;46.0;1067.5;0.0
2;8700;ORCHIDS;1062;7;1061.0;2.0;1056.0;51.0;1069;7;1070.0;2.0;1076.0;51.0;1066.0;0.0
2;8800;ORCHIDS;1063;8;1062.0;3.0;1057.0;44.0;1070;8;1071.0;3.0;1077.0;44.0;1067.0;0.0
2;8900;ORCHIDS;1063;9;1062.0;4.0;1056.0;48.0;1070;9;1071.0;4.0;1077.0;48.0;1066.5;0.0
2;9000;ORCHIDS;1063;7;1062.0;3.0;1057.0;47.0;1070;7;1071.0;3.0;1077.0;47.0;1067.0;0.0
2;9100;ORCHIDS;1062;5;1061.0;3.0;1056.0;43.0;1066;9;1069.0;5.0;1070.0;3.0;1061.0;0.0
2;9200;ORCHIDS;1062;9;1061.0;2.0;1056.0;47.0;1069;9;1070.0;2.0;1076.0;47.0;1066.0;0.0
2;9300;ORCHIDS;1060;8;1059.0;4.0;1054.0;43.0;1067;8;1068.0;4.0;1074.0;43.0;1064.0;0.0
2;9400;ORCHIDS;1059;9;1058.0;3.0;1053.0;49.0;1066;9;1067.0;3.0;1073.0;49.0;1063.0;0.0
2;9500;ORCHIDS;1057;8;1056.0;4.0;1050.0;48.0;1064;8;1065.0;4.0;1071.0;48.0;1060.5;0.0
2;9600;ORCHIDS;1058;10;1057.0;3.0;1052.0;50.0;1065;10;1066.0;3.0;1072.0;50.0;1062.0;0.0
2;9700;ORCHIDS;1059;5;1058.0;3.0;1052.0;50.0;1066;5;1067.0;3.0;1073.0;50.0;1062.5;0.0
2;9800;ORCHIDS;1060;10;1059.0;5.0;1053.0;49.0;1067;10;1068.0;5.0;1074.0;49.0;1063.5;0.0
2;9900;ORCHIDS;1065;5;1062.0;5.0;1061.0;4.0;1069;5;1070.0;4.0;1076.0;54.0;1070.5;0.0
2;10000;ORCHIDS;1063;10;1062.0;5.0;1056.0;47.0;1070;10;1071.0;5.0;1077.0;47.0;1066.5;0.0
2;10100;ORCHIDS;1065;7;1064.0;4.0;1058.0;41.0;1072;7;1073.0;4.0;1079.0;41.0;1068.5;0.0
2;10200;ORCHIDS;1066;5;1065.0;4.0;1059.0;48.0;1073;5;1074.0;4.0;1080.0;48.0;1069.5;0.0
2;10300;ORCHIDS;1065;8;1064.0;3.0;1058.0;47.0;1072;8;1073.0;3.0;1079.0;47.0;1068.5;0.0
2;10400;ORCHIDS;1065;7;1064.0;4.0;1059.0;46.0;1072;7;1073.0;4.0;1079.0;46.0;1069.0;0.0
2;10500;ORCHIDS;1063;5;1062.0;5.0;1056.0;54.0;1070;5;1071.0;5.0;1077.0;54.0;1066.5;0.0
2;10600;ORCHIDS;1064;8;1063.0;5.0;1057.0;53.0;1071;8;1072.0;5.0;1078.0;53.0;1067.5;0.0
2;10700;ORCHIDS;1064;8;1063.0;4.0;1057.0;41.0;1071;8;1072.0;4.0;1078.0;41.0;1067.5;0.0
2;10800;ORCHIDS;1064;6;1063.0;4.0;1057.0;47.0;1071;6;1072.0;4.0;1078.0;47.0;1067.5;0.0
2;10900;ORCHIDS;1064;10;1063.0;4.0;1058.0;52.0;1071;10;1072.0;4.0;1078.0;52.0;1068.0;0.0
2;11000;ORCHIDS;1066;8;1065.0;4.0;1060.0;42.0;1073;8;1074.0;4.0;1080.0;42.0;1070.0;0.0
2;11100;ORCHIDS;1067;10;1066.0;4.0;1060.0;49.0;1074;10;1075.0;4.0;1081.0;49.0;1070.5;0.0
2;11200;ORCHIDS;1068;10;1067.0;5.0;1062.0;56.0;1075;10;1076.0;5.0;1082.0;56.0;1072.0;0.0
2;11300;ORCHIDS;1068;10;1067.0;2.0;1062.0;52.0;1075;10;1076.0;2.0;1082.0;52.0;1072.0;0.0
2;11400;ORCHIDS;1067;5;1066.0;3.0;1060.0;39.0;1074;5;1075.0;3.0;1081.0;39.0;1070.5;0.0
2;11500;ORCHIDS;1068;10;1067.0;4.0;1062.0;53.0;1075;10;1076.0;4.0;1082.0;53.0;1072.0;0.0
2;11600;ORCHIDS;1065;6;1064.0;5.0;1059.0;53.0;1072;6;1073.0;5.0;1079.0;53.0;1069.0;0.0
2;11700;ORCHIDS;1068;7;1067.0;3.0;1061.0;44.0;1075;7;1076.0;3.0;1082.0;44.0;1071.5;0.0
2;11800;ORCHIDS;1069;7;1068.0;2.0;1062.0;43.0;1076;7;1077.0;2.0;1083.0;43.0;1072.5;0.0
2;11900;ORCHIDS;1067;10;1066.0;2.0;1061.0;42.0;1074;10;1075.0;2.0;1081.0;42.0;1071.0;0.0
2;12000;ORCHIDS;1068;5;1067.0;2.0;1061.0;38.0;1075;5;1076.0;2.0;1082.0;38.0;1071.5;0.0
2;12100;ORCHIDS;1069;8;1068.0;3.0;1062.0;43.0;1073;5;1076.0;8.0;1077.0;3.0;1069.0;0.0
2;12200;ORCHIDS;1068;7;1067.0;2.0;1061.0;43.0;1075;7;1076.0;2.0;1082.0;43.0;1071.5;0.0
2;12300;ORCHIDS;1070;5;1069.0;3.0;1063.0;36.0;1077;5;1078.0;3.0;1084.0;36.0;1073.5;0.0
2;12400;ORCHIDS;1070;10;1069.0;4.0;1063.0;58.0;1077;10;1078.0;4.0;1084.0;58.0;1073.5;0.0
2;12500;ORCHIDS;1070;5;1069.0;5.0;1063.0;45.0;1077;5;1078.0;5.0;1084.0;45.0;1073.5;0.0
2;12600;ORCHIDS;1069;5;1068.0;3.0;1063.0;43.0;1076;5;1077.0;3.0;1083.0;43.0;1073.0;0.0
2;12700;ORCHIDS;1072;8;1071.0;4.0;1065.0;45.0;1076;7;1079.0;8.0;1080.0;4.0;1072.0;0.0
2;12800;ORCHIDS;1072;9;1071.0;2.0;1065.0;51.0;1079;9;1080.0;2.0;1086.0;51.0;1075.5;0.0
2;12900;ORCHIDS;1073;8;1072.0;5.0;1067.0;57.0;1080;8;1081.0;5.0;1087.0;57.0;1077.0;0.0
2;13000;ORCHIDS;1073;7;1072.0;4.0;1067.0;50.0;1080;7;1081.0;4.0;1087.0;50.0;1077.0;0.0
2;13100;ORCHIDS;1071;5;1070.0;5.0;1065.0;43.0;1078;5;1079.0;5.0;1085.0;43.0;1075.0;0.0
2;13200;ORCHIDS;1069;6;1068.0;2.0;1063.0;43.0;1076;6;1077.0;2.0;1083.0;43.0;1073.0;0.0
2;13300;ORCHIDS;1069;9;1068.0;2.0;1063.0;58.0;1076;9;1077.0;2.0;1083.0;58.0;1073.0;0.0
2;13400;ORCHIDS;1070;7;1069.0;5.0;1064.0;54.0;1077;7;1078.0;5.0;1084.0;54.0;1074.0;0.0
2;13500;ORCHIDS;1072;6;1071.0;2.0;1065.0;46.0;1079;6;1080.0;2.0;1086.0;46.0;1075.5;0.0
2;13600;ORCHIDS;1072;7;1071.0;3.0;1065.0;50.0;1078;7;1079.0;3.0;1086.0;50.0;1075.5;0.0
2;13700;ORCHIDS;1073;8;1072.0;4.0;1066.0;57.0;1080;8;1081.0;4.0;1087.0;57.0;1076.5;0.0
2;13800;ORCHIDS;1072;6;1071.0;4.0;1065.0;47.0;1079;6;1080.0;4.0;1086.0;47.0;1075.5;0.0
2;13900;ORCHIDS;1073;6;1072.0;5.0;1067.0;46.0;1080;6;1081.0;5.0;1087.0;46.0;1077.0;0.0
2;14000;ORCHIDS;1075;7;1074.0;2.0;1069.0;50.0;1082;7;1083.0;2.0;1089.0;50.0;1079.0;0.0
2;14100;ORCHIDS;1075;10;1074.0;2.0;1069.0;50.0;1082;10;1083.0;2.0;1089.0;50.0;1079.0;0.0
2;14200;ORCHIDS;1076;9;1075.0;4.0;1070.0;50.0;1083;9;1084.0;4.0;1090.0;50.0;1080.0;0.0
2;14300;ORCHIDS;1074;6;1073.0;4.0;1068.0;48.0;1081;6;1082.0;4.0;1088.0;48.0;1078.0;0.0
2;14400;ORCHIDS;1072;5;1071.0;5.0;1066.0;49.0;1079;5;1080.0;5.0;1086.0;49.0;1076.0;0.0
2;14500;ORCHIDS;1074;10;1073.0;5.0;1067.0;44.0;1081;10;1082.0;5.0;1088.0;44.0;1077.5;0.0
2;14600;ORCHIDS;1074;7;1073.0;2.0;1067.0;41.0;1080;7;1081.0;2.0;1088.0;41.0;1077.5;0.0
2;14700;ORCHIDS;1072;9;1071.0;4.0;1066.0;48.0;1079;9;1080.0;4.0;1086.0;48.0;1076.0;0.0
2;14800;ORCHIDS;1073;6;1072.0;3.0;1066.0;44.0;1080;6;1081.0;3.0;1087.0;44.0;1076.5;0.0
2;14900;ORCHIDS;1075;8;1072.0;7.0;1071.0;5.0;1079;7;1080.0;5.0;1086.0;47.0;1080.5;0.0
2;15000;ORCHIDS;1073;9;1072.0;4.0;1067.0;51.0;1080;9;1081.0;4.0;1087.0;51.0;1077.0;0.0
2;15100;ORCHIDS;1073;10;1072.0;2.0;1066.0;52.0;1080;10;1081.0;2.0;1087.0;52.0;1076.5;0.0
2;15200;ORCHIDS;1075;6;1074.0;3.0;1068.0;45.0;1082;6;1083.0;3.0;1089.0;45.0;1078.5;0.0
2;15300;ORCHIDS;1073;5;1072.0;4.0;1067.0;46.0;1080;5;1081.0;4.0;1087.0;46.0;1077.0;0.0
2;15400;ORCHIDS;1074;10;1073.0;3.0;1067.0;52.0;1080;10;1081.0;3.0;1088.0;52.0;1077.5;0.0
2;15500;ORCHIDS;1079;4;1074.0;8.0;1073.0;4.0;1081;8;1082.0;4.0;1088.0;45.0;1081.0;0.0
2;15600;ORCHIDS;1074;6;1073.0;4.0;1067.0;47.0;1081;6;1082.0;4.0;1088.0;47.0;1077.5;0.0
2;15700;ORCHIDS;1073;5;1072.0;3.0;1066.0;35.0;1080;5;1081.0;3.0;1087.0;35.0;1076.5;0.0
2;15800;ORCHIDS;1071;8;1070.0;4.0;1065.0;49.0;1078;8;1079.0;4.0;1085.0;49.0;1075.0;0.0
2;15900;ORCHIDS;1069;5;1068.0;2.0;1063.0;47.0;1071;5;1076.0;5.0;1077.0;2.0;1067.0;0.0
2;16000;ORCHIDS;1067;6;1066.0;5.0;1061.0;45.0;1074;6;1075.0;5.0;1081.0;45.0;1071.0;0.0
2;16100;ORCHIDS;1068;8;1067.0;2.0;1061.0;44.0;1074;8;1075.0;2.0;1082.0;44.0;1071.5;0.0
2;16200;ORCHIDS;1067;6;1066.0;2.0;1061.0;37.0;1074;6;1075.0;2.0;1081.0;37.0;1071.0;0.0
2;16300;ORCHIDS;1066;8;1065.0;2.0;1060.0;49.0;1073;8;1074.0;2.0;1080.0;49.0;1070.0;0.0
2;16400;ORCHIDS;1065;7;1064.0;5.0;1059.0;52.0;1072;7;1073.0;5.0;1079.0;52.0;1069.0;0.0
2;16500;ORCHIDS;1067;8;1064.0;10.0;1063.0;4.0;1071;10;1072.0;4.0;1077.0;47.0;1070.5;0.0
2;16600;ORCHIDS;1064;8;1063.0;2.0;1057.0;45.0;1066;3;1071.0;8.0;1072.0;2.0;1064.0;0.0
2;16700;ORCHIDS;1062;5;1061.0;5.0;1055.0;48.0;1069;5;1070.0;5.0;1075.0;48.0;1065.0;0.0
2;16800;ORCHIDS;1061;9;1060.0;4.0;1055.0;46.0;1068;9;1069.0;4.0;1075.0;46.0;1065.0;0.0
2;16900;ORCHIDS;1060;8;1059.0;4.0;1054.0;50.0;1067;8;1068.0;4.0;1074.0;50.0;1064.0;0.0
2;17000;ORCHIDS;1060;6;1059.0;4.0;1053.0;46.0;1067;6;1068.0;4.0;1073.0;46.0;1063.0;0.0
2;17100;ORCHIDS;1059;6;1057.0;4.0;1051.0;50.0;1066;6;1067.0;4.0;1073.0;50.0;1062.0;0.0
2;17200;ORCHIDS;1058;9;1057.0;3.0;1051.0;52.0;1065;9;1067.0;3.0;1073.0;52.0;1062.0;0.0
2;17300;ORCHIDS;1058;6;1056.0;3.0;1050.0;48.0;1065;6;1066.0;3.0;1072.0;48.0;1061.0;0.0
2;17400;ORCHIDS;1058;9;1056.0;4.0;1050.0;41.0;1065;9;1066.0;4.0;1072.0;41.0;1061.0;0.0
2;17500;ORCHIDS;1054;9;1052.0;2.0;1046.0;51.0;1061;9;1062.0;2.0;1068.0;51.0;1057.0;0.0
2;17600;ORCHIDS;1055;8;1053.0;5.0;1047.0;48.0;1062;8;1063.0;5.0;1069.0;48.0;1058.0;0.0
2;17700;ORCHIDS;1056;10;1055.0;2.0;1049.0;48.0;1063;10;1065.0;2.0;1071.0;48.0;1060.0;0.0
2;17800;ORCHIDS;1058;10;1056.0;4.0;1050.0;46.0;1065;10;1066.0;4.0;1072.0;46.0;1061.0;0.0
2;17900;ORCHIDS;1057;7;1056.0;4.0;1050.0;47.0;1065;7;1066.0;4.0;1072.0;47.0;1061.0;0.0
2;18000;ORCHIDS;1057;6;1056.0;3.0;1050.0;39.0;1064;6;1066.0;3.0;1072.0;39.0;1061.0;0.0
2;18100;ORCHIDS;1056;5;1055.0;5.0;1049.0;55.0;1063;5;1065.0;5.0;1071.0;55.0;1060.0;0.0
2;18200;ORCHIDS;1056;6;1055.0;5.0;1049.0;49.0;1063;6;1065.0;5.0;1071.0;49.0;1060.0;0.0
2;18300;ORCHIDS;1056;7;1055.0;2.0;1049.0;55.0;1063;7;1065.0;2.0;1071.0;55.0;1060.0;0.0
2;18400;ORCHIDS;1057;9;1056.0;3.0;1050.0;50.0;1064;9;1066.0;3.0;1072.0;50.0;1061.0;0.0
2;18500;ORCHIDS;1057;7;1055.0;5.0;1049.0;46.0;1064;7;1065.0;5.0;1071.0;46.0;1060.0;0.0
2;18600;ORCHIDS;1055;5;1054.0;4.0;1048.0;48.0;1062;5;1064.0;4.0;1070.0;48.0;1059.0;0.0
2;18700;ORCHIDS;1054;7;1053.0;3.0;1047.0;38.0;1061;7;1063.0;3.0;1069.0;38.0;1058.0;0.0
2;18800;ORCHIDS;1055;9;1053.0;4.0;1047.0;53.0;1062;9;1063.0;4.0;1069.0;53.0;1058.0;0.0
2;18900;ORCHIDS;1058;9;1056.0;3.0;1050.0;57.0;1065;9;1066.0;3.0;1072.0;57.0;1061.0;0.0
2;19000;ORCHIDS;1057;9;1055.0;2.0;1049.0;54.0;1064;9;1065.0;2.0;1071.0;54.0;1060.0;0.0
2;19100;ORCHIDS;1056;8;1055.0;2.0;1049.0;54.0;1063;8;1065.0;2.0;1071.0;54.0;1060.0;0.0
2;19200;ORCHIDS;1056;10;1055.0;4.0;1049.0;49.0;1063;10;1065.0;4.0;1071.0;49.0;1060.0;0.0
2;19300;ORCHIDS;1056;10;1055.0;2.0;1049.0;52.0;1063;10;1065.0;2.0;1071.0;52.0;1060.0;0.0
2;19400;ORCHIDS;1055;7;1054.0;2.0;1048.0;51.0;1062;7;1064.0;2.0;1070.0;51.0;1059.0;0.0
2;19500;ORCHIDS;1055;10;1054.0;2.0;1048.0;47.0;1062;10;1064.0;2.0;1070.0;47.0;1059.0;0.0
2;19600;ORCHIDS;1055;7;1053.0;4.0;1047.0;50.0;1062;7;1063.0;4.0;1069.0;50.0;1058.0;0.0
2;19700;ORCHIDS;1053;9;1052.0;2.0;1046.0;51.0;1060;9;1062.0;2.0;1068.0;51.0;1057.0;0.0
2;19800;ORCHIDS;1055;5;1053.0;2.0;1047.0;50.0;1062;5;1063.0;2.0;1069.0;50.0;1058.0;0.0
2;19900;ORCHIDS;1057;5;1056.0;4.0;1050.0;49.0;1064;5;1066.0;4.0;1072.0;49.0;1061.0;0.0
2;20000;ORCHIDS;1058;6;1057.0;4.0;1051.0;43.0;1065;6;1067.0;4.0;1073.0;43.0;1062.0;0.0
2;20100;ORCHIDS;1058;9;1057.0;4.0;1051.0;50.0;1065;9;1067.0;4.0;1073.0;50.0;1062.0;0.0
2;20200;ORCHIDS;1061;9;1058.0;6.0;1056.0;4.0;1065;6;1066.0;4.0;1072.0;42.0;1066.5;0.0
2;20300;ORCHIDS;1056;5;1055.0;4.0;1049.0;49.0;1063;5;1065.0;4.0;1071.0;49.0;1060.0;0.0
2;20400;ORCHIDS;1055;9;1053.0;3.0;1047.0;55.0;1062;9;1063.0;3.0;1069.0;55.0;1058.0;0.0
2;20500;ORCHIDS;1054;8;1053.0;5.0;1047.0;56.0;1056;2;1062.0;8.0;1063.0;5.0;1054.5;0.0
2;20600;ORCHIDS;1055;8;1053.0;3.0;1047.0;50.0;1062;8;1063.0;3.0;1069.0;50.0;1058.0;0.0
2;20700;ORCHIDS;1054;5;1052.0;3.0;1046.0;38.0;1061;5;1062.0;3.0;1068.0;38.0;1057.0;0.0
2;20800;ORCHIDS;1053;7;1052.0;5.0;1046.0;48.0;1060;7;1062.0;5.0;1068.0;48.0;1057.0;0.0
2;20900;ORCHIDS;1051;9;1050.0;2.0;1044.0;48.0;1058;9;1060.0;2.0;1066.0;48.0;1055.0;0.0
2;21000;ORCHIDS;1053;9;1051.0;5.0;1045.0;43.0;1060;9;1061.0;5.0;1067.0;43.0;1056.0;0.0
2;21100;ORCHIDS;1051;5;1049.0;2.0;1043.0;51.0;1058;5;1059.0;2.0;1065.0;51.0;1054.0;0.0
2;21200;ORCHIDS;1052;10;1051.0;5.0;1045.0;53.0;1059;10;1061.0;5.0;1067.0;53.0;1056.0;0.0
2;21300;ORCHIDS;1050;8;1048.0;2.0;1042.0;55.0;1057;8;1058.0;2.0;1064.0;55.0;1053.0;0.0
2;21400;ORCHIDS;1051;9;1049.0;2.0;1043.0;53.0;1058;9;1059.0;2.0;1065.0;53.0;1054.0;0.0
2;21500;ORCHIDS;1051;9;1050.0;2.0;1043.0;58.0;1058;9;1059.0;2.0;1066.0;58.0;1054.5;0.0
2;21600;ORCHIDS;1052;10;1051.0;4.0;1045.0;51.0;1059;10;1061.0;4.0;1067.0;51.0;1056.0;0.0
2;21700;ORCHIDS;1054;9;1053.0;3.0;1047.0;54.0;1061;9;1063.0;3.0;1069.0;54.0;1058.0;0.0
2;21800;ORCHIDS;1056;7;1055.0;5.0;1049.0;46.0;1063;7;1065.0;5.0;1071.0;46.0;1060.0;0.0
2;21900;ORCHIDS;1055;6;1054.0;2.0;1048.0;52.0;1062;6;1064.0;2.0;1070.0;52.0;1059.0;0.0
2;22000;ORCHIDS;1055;6;1054.0;2.0;1048.0;46.0;1062;6;1064.0;2.0;1070.0;46.0;1059.0;0.0
2;22100;ORCHIDS;1055;10;1054.0;5.0;1048.0;53.0;1062;10;1064.0;5.0;1070.0;53.0;1059.0;0.0
2;22200;ORCHIDS;1056;5;1055.0;2.0;1049.0;44.0;1063;5;1065.0;2.0;1071.0;44.0;1060.0;0.0
2;22300;ORCHIDS;1055;9;1053.0;5.0;1047.0;47.0;1062;9;1063.0;5.0;1069.0;47.0;1058.0;0.0
2;22400;ORCHIDS;1056;6;1054.0;3.0;1048.0;45.0;1063;6;1064.0;3.0;1070.0;45.0;1059.0;0.0
2;22500;ORCHIDS;1057;7;1056.0;4.0;1050.0;46.0;1064;7;1066.0;4.0;1072.0;46.0;1061.0;0.0
2;22600;ORCHIDS;1060;8;1059.0;5.0;1053.0;51.0;1067;8;1069.0;5.0;1075.0;51.0;1064.0;0.0
2;22700;ORCHIDS;1060;10;1058.0;2.0;1052.0;55.0;1067;10;1068.0;2.0;1074.0;55.0;1063.0;0.0
2;22800;ORCHIDS;1061;7;1059.0;5.0;1053.0;49.0;1068;7;1069.0;5.0;1075.0;49.0;1064.0;0.0
2;22900;ORCHIDS;1059;6;1057.0;3.0;1051.0;46.0;1066;6;1067.0;3.0;1073.0;46.0;1062.0;0.0
2;23000;ORCHIDS;1059;10;1057.0;2.0;1051.0;48.0;1066;10;1067.0;2.0;1073.0;48.0;1062.0;0.0
2;23100;ORCHIDS;1060;6;1058.0;4.0;1052.0;53.0;1067;6;1068.0;4.0;1074.0;53.0;1063.0;0.0
2;23200;ORCHIDS;1059;6;1057.0;5.0;1051.0;53.0;1066;6;1067.0;5.0;1073.0;53.0;1062.0;0.0
2;23300;ORCHIDS;1058;8;1056.0;2.0;1050.0;48.0;1065;8;1066.0;2.0;1072.0;48.0;1061.0;0.0
2;23400;ORCHIDS;1057;7;1055.0;4.0;1049.0;48.0;1064;7;1065.0;4.0;1071.0;48.0;1060.0;0.0
2;23500;ORCHIDS;1058;9;1057.0;2.0;1051.0;51.0;1065;9;1067.0;2.0;1073.0;51.0;1062.0;0.0
2;23600;ORCHIDS;1060;8;1058.0;2.0;1052.0;48.0;1067;8;1068.0;2.0;1074.0;48.0;1063.0;0.0
2;23700;ORCHIDS;1061;6;1059.0;5.0;1053.0;48.0;1068;6;1069.0;5.0;1075.0;48.0;1064.0;0.0
2;23800;ORCHIDS;1060;7;1059.0;2.0;1053.0;50.0;1068;7;1069.0;2.0;1075.0;50.0;1064.0;0.0
2;23900;ORCHIDS;1062;6;1060.0;2.0;1054.0;50.0;1069;6;1070.0;2.0;1076.0;50.0;1065.0;0.0
2;24000;ORCHIDS;1061;10;1060.0;5.0;1054.0;47.0;1069;10;1070.0;5.0;1076.0;47.0;1065.0;0.0
2;24100;ORCHIDS;1061;8;1060.0;5.0;1054.0;50.0;1068;8;1070.0;5.0;1076.0;50.0;1065.0;0.0
2;24200;ORCHIDS;1063;6;1061.0;4.0;1055.0;50.0;1070;6;1071.0;4.0;1077.0;50.0;1066.0;0.0
2;24300;ORCHIDS;1066;6;1063.0;8.0;1062.0;5.0;1070;8;1071.0;5.0;1078.0;49.0;1070.5;0.0
2;24400;ORCHIDS;1063;9;1062.0;3.0;1056.0;43.0;1070;9;1072.0;3.0;1078.0;43.0;1067.0;0.0
2;24500;ORCHIDS;1063;10;1062.0;3.0;1056.0;54.0;1071;10;1072.0;3.0;1078.0;54.0;1067.0;0.0
2;24600;ORCHIDS;1064;5;1062.0;2.0;1056.0;44.0;1068;5;1071.0;5.0;1072.0;2.0;1062.0;0.0
2;24700;ORCHIDS;1063;10;1062.0;3.0;1056.0;47.0;1070;10;1072.0;3.0;1078.0;47.0;1067.0;0.0
2;24800;ORCHIDS;1062;7;1060.0;3.0;1054.0;42.0;1069;7;1070.0;3.0;1076.0;42.0;1065.0;0.0
2;24900;ORCHIDS;1064;5;1061.0;8.0;1060.0;2.0;1068;8;1070.0;2.0;1076.0;55.0;1068.5;0.0
2;25000;ORCHIDS;1060;8;1059.0;3.0;1053.0;47.0;1067;8;1069.0;3.0;1075.0;47.0;1064.0;0.0
2;25100;ORCHIDS;1059;8;1058.0;3.0;1052.0;48.0;1066;8;1068.0;3.0;1074.0;48.0;1063.0;0.0
2;25200;ORCHIDS;1060;5;1059.0;4.0;1053.0;47.0;1067;5;1069.0;4.0;1075.0;47.0;1064.0;0.0
2;25300;ORCHIDS;1060;5;1059.0;5.0;1053.0;49.0;1067;5;1069.0;5.0;1075.0;49.0;1064.0;0.0
2;25400;ORCHIDS;1060;7;1059.0;4.0;1053.0;55.0;1067;7;1069.0;4.0;1075.0;55.0;1064.0;0.0
2;25500;ORCHIDS;1060;6;1059.0;2.0;1053.0;44.0;1068;6;1069.0;2.0;1075.0;44.0;1064.0;0.0
2;25600;ORCHIDS;1060;6;1059.0;2.0;1053.0;40.0;1068;6;1069.0;2.0;1075.0;40.0;1064.0;0.0
2;25700;ORCHIDS;1060;9;1058.0;5.0;1052.0;49.0;1067;9;1068.0;5.0;1074.0;49.0;1063.0;0.0
2;25800;ORCHIDS;1060;6;1058.0;2.0;1052.0;38.0;1067;6;1068.0;2.0;1074.0;38.0;1063.0;0.0
2;25900;ORCHIDS;1059;7;1057.0;4.0;1051.0;51.0;1066;7;1067.0;4.0;1073.0;51.0;1062.0;0.0
2;26000;ORCHIDS;1056;6;1055.0;3.0;1049.0;43.0;1063;6;1065.0;3.0;1071.0;43.0;1060.0;0.0
2;26100;ORCHIDS;1057;8;1055.0;5.0;1049.0;54.0;1064;8;1065.0;5.0;1071.0;54.0;1060.0;0.0
2;26200;ORCHIDS;1057;7;1056.0;5.0;1049.0;52.0;1064;7;1065.0;5.0;1072.0;52.0;1060.5;0.0
2;26300;ORCHIDS;1057;5;1056.0;4.0;1049.0;37.0;1064;5;1065.0;4.0;1072.0;37.0;1060.5;0.0
2;26400;ORCHIDS;1056;7;1054.0;4.0;1048.0;47.0;1063;7;1064.0;4.0;1070.0;47.0;1059.0;0.0
2;26500;ORCHIDS;1056;10;1055.0;4.0;1049.0;57.0;1063;10;1065.0;4.0;1071.0;57.0;1060.0;0.0
2;26600;ORCHIDS;1056;10;1055.0;2.0;1049.0;53.0;1064;10;1065.0;2.0;1071.0;53.0;1060.0;0.0
2;26700;ORCHIDS;1057;9;1055.0;5.0;1049.0;47.0;1064;9;1065.0;5.0;1071.0;47.0;1060.0;0.0
2;26800;ORCHIDS;1056;5;1054.0;4.0;1048.0;48.0;1063;5;1064.0;4.0;1070.0;48.0;1059.0;0.0
2;26900;ORCHIDS;1059;8;1057.0;2.0;1051.0;50.0;1066;8;1067.0;2.0;1073.0;50.0;1062.0;0.0
2;27000;ORCHIDS;1060;10;1058.0;4.0;1052.0;47.0;1067;10;1068.0;4.0;1074.0;47.0;1063.0;0.0
2;27100;ORCHIDS;1060;9;1059.0;3.0;1052.0;49.0;1067;9;1068.0;3.0;1075.0;49.0;1063.5;0.0
2;27200;ORCHIDS;1059;10;1058.0;5.0;1052.0;46.0;1066;10;1068.0;5.0;1074.0;46.0;1063.0;0.0
2;27300;ORCHIDS;1057;10;1056.0;3.0;1050.0;53.0;1064;10;1066.0;3.0;1072.0;53.0;1061.0;0.0
2;27400;ORCHIDS;1058;7;1056.0;5.0;1050.0;45.0;1065;7;1066.0;5.0;1072.0;45.0;1061.0;0.0
2;27500;ORCHIDS;1059;10;1057.0;2.0;1051.0;46.0;1066;10;1067.0;2.0;1073.0;46.0;1062.0;0.0
2;27600;ORCHIDS;1059;7;1058.0;2.0;1051.0;47.0;1066;7;1067.0;2.0;1074.0;47.0;1062.5;0.0
2;27700;ORCHIDS;1059;5;1057.0;3.0;1051.0;47.0;1066;5;1067.0;3.0;1073.0;47.0;1062.0;0.0
2;27800;ORCHIDS;1058;10;1056.0;3.0;1050.0;51.0;1065;10;1066.0;3.0;1072.0;51.0;1061.0;0.0
2;27900;ORCHIDS;1059;10;1057.0;4.0;1051.0;50.0;1066;10;1067.0;4.0;1073.0;50.0;1062.0;0.0
2;28000;ORCHIDS;1060;10;1058.0;5.0;1052.0;54.0;1067;10;1068.0;5.0;1074.0;54.0;1063.0;0.0
2;28100;ORCHIDS;1060;8;1059.0;5.0;1053.0;42.0;1067;8;1069.0;5.0;1075.0;42.0;1064.0;0.0
2;28200;ORCHIDS;1060;5;1058.0;2.0;1052.0;45.0;1067;5;1068.0;2.0;1074.0;45.0;1063.0;0.0
2;28300;ORCHIDS;1058;6;1056.0;2.0;1050.0;42.0;1065;6;1066.0;2.0;1072.0;42.0;1061.0;0.0
2;28400;ORCHIDS;1057;5;1055.0;5.0;1049.0;40.0;1064;5;1065.0;5.0;1071.0;40.0;1060.0;0.0
2;28500;ORCHIDS;1057;7;1056.0;2.0;1050.0;46.0;1064;7;1066.0;2.0;1072.0;46.0;1061.0;0.0
2;28600;ORCHIDS;1057;10;1056.0;3.0;1050.0;52.0;1064;10;1066.0;3.0;1072.0;52.0;1061.0;0.0
2;28700;ORCHIDS;1056;8;1054.0;2.0;1048.0;49.0;1063;8;1064.0;2.0;1071.0;49.0;1059.5;0.0
2;28800;ORCHIDS;1055;10;1053.0;5.0;1047.0;58.0;1062;10;1063.0;5.0;1070.0;58.0;1058.5;0.0
2;28900;ORCHIDS;1054;10;1053.0;5.0;1047.0;45.0;1061;10;1063.0;5.0;1069.0;45.0;1058.0;0.0
2;29000;ORCHIDS;1056;8;1055.0;2.0;1049.0;47.0;1063;8;1065.0;2.0;1071.0;47.0;1060.0;0.0
2;29100;ORCHIDS;1061;3;1056.0;8.0;1055.0;2.0;1063;8;1064.0;2.0;1071.0;49.0;1063.5;0.0
2;29200;ORCHIDS;1056;8;1054.0;5.0;1048.0;45.0;1063;8;1064.0;5.0;1071.0;45.0;1059.5;0.0
2;29300;ORCHIDS;1055;10;1054.0;2.0;1048.0;43.0;1063;10;1064.0;2.0;1071.0;43.0;1059.5;0.0
2;29400;ORCHIDS;1054;8;1053.0;4.0;1047.0;44.0;1061;8;1063.0;4.0;1069.0;44.0;1058.0;0.0
2;29500;ORCHIDS;1055;6;1054.0;4.0;1048.0;40.0;1062;6;1064.0;4.0;1070.0;40.0;1059.0;0.0
2;29600;ORCHIDS;1055;9;1054.0;2.0;1048.0;52.0;1062;9;1064.0;2.0;1070.0;52.0;1059.0;0.0
2;29700;ORCHIDS;1053;10;1051.0;3.0;1045.0;52.0;1060;10;1061.0;3.0;1068.0;52.0;1056.5;0.0
2;29800;ORCHIDS;1053;9;1052.0;4.0;1045.0;43.0;1060;9;1061.0;4.0;1068.0;43.0;1056.5;0.0
2;29900;ORCHIDS;1054;8;1053.0;5.0;1047.0;51.0;1061;8;1063.0;5.0;1069.0;51.0;1058.0;0.0
2;30000;ORCHIDS;1055;7;1053.0;2.0;1047.0;45.0;1062;7;1063.0;2.0;1070.0;45.0;1058.5;0.0
2;30100;ORCHIDS;1057;7;1056.0;2.0;1050.0;51.0;1064;7;1066.0;2.0;1072.0;51.0;1061.0;0.0
2;30200;ORCHIDS;1055;9;1054.0;3.0;1048.0;50.0;1062;9;1064.0;3.0;1070.0;50.0;1059.0;0.0
2;30300;ORCHIDS;1056;6;1055.0;3.0;1049.0;39.0;1063;6;1065.0;3.0;1071.0;39.0;1060.0;0.0
2;30400;ORCHIDS;1058;8;1056.0;2.0;1050.0;44.0;1065;8;1066.0;2.0;1073.0;44.0;1061.5;0.0
2;30500;ORCHIDS;1057;6;1055.0;3.0;1049.0;40.0;1064;6;1065.0;3.0;1072.0;40.0;1060.5;0.0
2;30600;ORCHIDS;1057;7;1056.0;2.0;1050.0;51.0;1064;7;1066.0;2.0;1072.0;51.0;1061.0;0.0
2;30700;ORCHIDS;1054;6;1052.0;2.0;1046.0;42.0;1061;6;1062.0;2.0;1069.0;42.0;1057.5;0.0
2;30800;ORCHIDS;1052;5;1050.0;2.0;1044.0;49.0;1059;5;1060.0;2.0;1067.0;49.0;1055.5;0.0
2;30900;ORCHIDS;1052;7;1050.0;3.0;1044.0;41.0;1059;7;1060.0;3.0;1067.0;41.0;1055.5;0.0
2;31000;ORCHIDS;1050;10;1049.0;2.0;1043.0;51.0;1057;10;1059.0;2.0;1065.0;51.0;1054.0;0.0
2;31100;ORCHIDS;1049;6;1048.0;5.0;1042.0;48.0;1056;6;1058.0;5.0;1064.0;48.0;1053.0;0.0
2;31200;ORCHIDS;1050;9;1049.0;4.0;1043.0;46.0;1054;7;1057.0;9.0;1059.0;4.0;1050.0;0.0
2;31300;ORCHIDS;1050;8;1049.0;2.0;1042.0;47.0;1057;8;1058.0;2.0;1065.0;47.0;1053.5;0.0
2;31400;ORCHIDS;1049;6;1048.0;5.0;1042.0;45.0;1056;6;1058.0;5.0;1064.0;45.0;1053.0;0.0
2;31500;ORCHIDS;1049;6;1048.0;2.0;1042.0;44.0;1056;6;1058.0;2.0;1064.0;44.0;1053.0;0.0
2;31600;ORCHIDS;1049;6;1048.0;4.0;1042.0;36.0;1056;6;1058.0;4.0;1064.0;36.0;1053.0;0.0
2;31700;ORCHIDS;1048;10;1047.0;2.0;1041.0;47.0;1055;10;1057.0;2.0;1063.0;47.0;1052.0;0.0
2;31800;ORCHIDS;1046;7;1045.0;4.0;1039.0;52.0;1053;7;1055.0;4.0;1061.0;52.0;1050.0;0.0
2;31900;ORCHIDS;1047;9;1045.0;3.0;1039.0;56.0;1054;9;1055.0;3.0;1062.0;56.0;1050.5;0.0
2;32000;ORCHIDS;1047;8;1045.0;4.0;1039.0;53.0;1054;8;1055.0;4.0;1062.0;53.0;1050.5;0.0
2;32100;ORCHIDS;1046;8;1045.0;4.0;1039.0;43.0;1054;8;1055.0;4.0;1062.0;43.0;1050.5;0.0
2;32200;ORCHIDS;1047;8;1045.0;5.0;1039.0;45.0;1054;8;1055.0;5.0;1062.0;45.0;1050.5;0.0
2;32300;ORCHIDS;1047;5;1045.0;4.0;1039.0;51.0;1054;5;1055.0;4.0;1062.0;51.0;1050.5;0.0
2;32400;ORCHIDS;1046;5;1045.0;5.0;1039.0;50.0;1053;5;1055.0;5.0;1061.0;50.0;1050.0;0.0
2;32500;ORCHIDS;1048;6;1046.0;3.0;1040.0;45.0;1052;5;1055.0;6.0;1056.0;3.0;1047.5;0.0
2;32600;ORCHIDS;1048;5;1047.0;2.0;1041.0;48.0;1055;5;1057.0;2.0;1063.0;48.0;1052.0;0.0
2;32700;ORCHIDS;1047;7;1046.0;5.0;1040.0;45.0;1054;7;1056.0;5.0;1062.0;45.0;1051.0;0.0
2;32800;ORCHIDS;1047;8;1046.0;5.0;1040.0;51.0;1055;8;1056.0;5.0;1063.0;51.0;1051.5;0.0
2;32900;ORCHIDS;1047;7;1046.0;3.0;1040.0;48.0;1055;7;1056.0;3.0;1063.0;48.0;1051.5;0.0
2;33000;ORCHIDS;1049;10;1048.0;2.0;1042.0;43.0;1056;10;1058.0;2.0;1064.0;43.0;1053.0;0.0
2;33100;ORCHIDS;1047;6;1045.0;2.0;1039.0;40.0;1051;8;1054.0;6.0;1055.0;2.0;1045.0;0.0
2;33200;ORCHIDS;1045;7;1044.0;2.0;1038.0;45.0;1052;7;1054.0;2.0;1060.0;45.0;1049.0;0.0
2;33300;ORCHIDS;1047;7;1046.0;3.0;1040.0;45.0;1054;7;1056.0;3.0;1062.0;45.0;1051.0;0.0
2;33400;ORCHIDS;1046;9;1045.0;3.0;1039.0;41.0;1050;8;1053.0;9.0;1055.0;3.0;1046.0;0.0
2;33500;ORCHIDS;1045;7;1043.0;5.0;1037.0;49.0;1052;7;1053.0;5.0;1060.0;49.0;1048.5;0.0
2;33600;ORCHIDS;1045;10;1043.0;2.0;1037.0;55.0;1052;10;1053.0;2.0;1060.0;55.0;1048.5;0.0
2;33700;ORCHIDS;1044;7;1043.0;2.0;1037.0;51.0;1052;7;1053.0;2.0;1060.0;51.0;1048.5;0.0
2;33800;ORCHIDS;1044;7;1043.0;4.0;1037.0;42.0;1051;7;1053.0;4.0;1059.0;42.0;1048.0;0.0
2;33900;ORCHIDS;1043;7;1041.0;2.0;1035.0;46.0;1050;7;1051.0;2.0;1058.0;46.0;1046.5;0.0
2;34000;ORCHIDS;1042;7;1041.0;4.0;1035.0;49.0;1050;7;1051.0;4.0;1058.0;49.0;1046.5;0.0
2;34100;ORCHIDS;1042;9;1041.0;3.0;1035.0;53.0;1050;9;1051.0;3.0;1058.0;53.0;1046.5;0.0
2;34200;ORCHIDS;1042;8;1041.0;5.0;1035.0;47.0;1050;8;1051.0;5.0;1058.0;47.0;1046.5;0.0
2;34300;ORCHIDS;1042;9;1040.0;3.0;1034.0;49.0;1049;9;1050.0;3.0;1057.0;49.0;1045.5;0.0
2;34400;ORCHIDS;1043;8;1041.0;2.0;1035.0;46.0;1050;8;1051.0;2.0;1058.0;46.0;1046.5;0.0
2;34500;ORCHIDS;1043;7;1041.0;3.0;1035.0;47.0;1050;7;1051.0;3.0;1058.0;47.0;1046.5;0.0
2;34600;ORCHIDS;1044;6;1042.0;4.0;1036.0;44.0;1051;6;1052.0;4.0;1059.0;44.0;1047.5;0.0
2;34700;ORCHIDS;1043;7;1042.0;3.0;1036.0;56.0;1051;7;1052.0;3.0;1059.0;56.0;1047.5;0.0
2;34800;ORCHIDS;1044;5;1042.0;3.0;1036.0;42.0;1051;5;1052.0;3.0;1059.0;42.0;1047.5;0.0
2;34900;ORCHIDS;1044;7;1043.0;3.0;1037.0;47.0;1051;7;1053.0;3.0;1059.0;47.0;1048.0;0.0
2;35000;ORCHIDS;1042;10;1041.0;2.0;1035.0;44.0;1049;10;1051.0;2.0;1057.0;44.0;1046.0;0.0
2;35100;ORCHIDS;1043;5;1041.0;3.0;1035.0;41.0;1050;5;1051.0;3.0;1058.0;41.0;1046.5;0.0
2;35200;ORCHIDS;1042;7;1041.0;4.0;1035.0;38.0;1049;7;1051.0;4.0;1057.0;38.0;1046.0;0.0
2;35300;ORCHIDS;1043;10;1042.0;2.0;1036.0;60.0;1050;10;1052.0;2.0;1058.0;60.0;1047.0;0.0
2;35400;ORCHIDS;1043;7;1041.0;2.0;1035.0;43.0;1050;7;1051.0;2.0;1058.0;43.0;1046.5;0.0
2;35500;ORCHIDS;1045;5;1043.0;4.0;1037.0;38.0;1052;5;1053.0;4.0;1060.0;38.0;1048.5;0.0
2;35600;ORCHIDS;1048;9;1045.0;8.0;1044.0;2.0;1052;8;1054.0;2.0;1060.0;42.0;1054.0;0.0
2;35700;ORCHIDS;1045;9;1044.0;4.0;1038.0;48.0;1053;9;1054.0;4.0;1061.0;48.0;1049.5;0.0
2;35800;ORCHIDS;1045;8;1044.0;4.0;1038.0;53.0;1053;8;1054.0;4.0;1061.0;53.0;1049.5;0.0
2;35900;ORCHIDS;1047;10;1044.0;9.0;1042.0;5.0;1051;9;1052.0;5.0;1059.0;40.0;1053.0;0.0
2;36000;ORCHIDS;1042;9;1040.0;3.0;1034.0;46.0;1046;8;1049.0;9.0;1050.0;3.0;1041.5;0.0
2;36100;ORCHIDS;1038;8;1037.0;4.0;1031.0;50.0;1045;8;1047.0;4.0;1053.0;50.0;1042.0;0.0
2;36200;ORCHIDS;1036;5;1035.0;5.0;1029.0;51.0;1043;5;1045.0;5.0;1051.0;51.0;1040.0;0.0
2;36300;ORCHIDS;1038;5;1036.0;5.0;1030.0;36.0;1045;5;1046.0;5.0;1053.0;36.0;1041.5;0.0
2;36400;ORCHIDS;1038;6;1036.0;5.0;1030.0;44.0;1045;6;1046.0;5.0;1053.0;44.0;1041.5;0.0
2;36500;ORCHIDS;1038;10;1036.0;2.0;1030.0;51.0;1045;10;1046.0;2.0;1053.0;51.0;1041.5;0.0
2;36600;ORCHIDS;1038;7;1037.0;5.0;1031.0;47.0;1045;7;1047.0;5.0;1053.0;47.0;1042.0;0.0
2;36700;ORCHIDS;1040;8;1038.0;5.0;1032.0;48.0;1047;8;1048.0;5.0;1055.0;48.0;1043.5;0.0
2;36800;ORCHIDS;1040;9;1039.0;2.0;1033.0;42.0;1047;9;1049.0;2.0;1055.0;42.0;1044.0;0.0
2;36900;ORCHIDS;1042;8;1041.0;5.0;1035.0;48.0;1049;8;1051.0;5.0;1057.0;48.0;1046.0;0.0
2;37000;ORCHIDS;1042;9;1041.0;2.0;1035.0;56.0;1050;9;1051.0;2.0;1058.0;56.0;1046.5;0.0
2;37100;ORCHIDS;1042;9;1040.0;2.0;1034.0;46.0;1049;9;1050.0;2.0;1057.0;46.0;1045.5;0.0
2;37200;ORCHIDS;1041;8;1040.0;2.0;1034.0;44.0;1049;8;1050.0;2.0;1057.0;44.0;1045.5;0.0
2;37300;ORCHIDS;1041;9;1039.0;3.0;1033.0;52.0;1048;9;1049.0;3.0;1056.0;52.0;1044.5;0.0
2;37400;ORCHIDS;1039;10;1038.0;4.0;1032.0;42.0;1046;10;1048.0;4.0;1054.0;42.0;1043.0;0.0
2;37500;ORCHIDS;1040;5;1038.0;5.0;1032.0;44.0;1047;5;1048.0;5.0;1055.0;44.0;1043.5;0.0
2;37600;ORCHIDS;1042;7;1041.0;5.0;1035.0;50.0;1049;7;1051.0;5.0;1057.0;50.0;1046.0;0.0
2;37700;ORCHIDS;1044;7;1041.0;10.0;1040.0;5.0;1048;10;1050.0;5.0;1056.0;44.0;1048.5;0.0
2;37800;ORCHIDS;1043;8;1041.0;5.0;1035.0;49.0;1050;8;1051.0;5.0;1058.0;49.0;1046.5;0.0
2;37900;ORCHIDS;1042;8;1041.0;5.0;1035.0;55.0;1049;8;1051.0;5.0;1057.0;55.0;1046.0;0.0
2;38000;ORCHIDS;1042;5;1041.0;5.0;1035.0;43.0;1050;5;1051.0;5.0;1058.0;43.0;1046.5;0.0
2;38100;ORCHIDS;1044;6;1042.0;2.0;1036.0;53.0;1051;6;1052.0;2.0;1059.0;53.0;1047.5;0.0
2;38200;ORCHIDS;1043;10;1041.0;2.0;1035.0;55.0;1050;10;1051.0;2.0;1058.0;55.0;1046.5;0.0
2;38300;ORCHIDS;1042;7;1041.0;2.0;1035.0;50.0;1050;7;1051.0;2.0;1058.0;50.0;1046.5;0.0
2;38400;ORCHIDS;1042;9;1041.0;3.0;1035.0;48.0;1050;9;1051.0;3.0;1058.0;48.0;1046.5;0.0
2;38500;ORCHIDS;1044;9;1042.0;3.0;1036.0;47.0;1051;9;1052.0;3.0;1059.0;47.0;1047.5;0.0
2;38600;ORCHIDS;1042;10;1041.0;5.0;1035.0;51.0;1049;10;1051.0;5.0;1057.0;51.0;1046.0;0.0
2;38700;ORCHIDS;1042;7;1041.0;4.0;1035.0;48.0;1049;7;1051.0;4.0;1057.0;48.0;1046.0;0.0
2;38800;ORCHIDS;1041;8;1040.0;4.0;1034.0;48.0;1048;8;1050.0;4.0;1056.0;48.0;1045.0;0.0
2;38900;ORCHIDS;1043;7;1042.0;5.0;1036.0;44.0;1050;7;1052.0;5.0;1058.0;44.0;1047.0;0.0
2;39000;ORCHIDS;1044;7;1041.0;10.0;1040.0;2.0;1048;10;1050.0;2.0;1056.0;49.0;1048.5;0.0
2;39100;ORCHIDS;1041;6;1040.0;3.0;1034.0;37.0;1048;6;1050.0;3.0;1056.0;37.0;1045.0;0.0
2;39200;ORCHIDS;1040;7;1038.0;2.0;1032.0;42.0;1047;7;1048.0;2.0;1055.0;42.0;1043.5;0.0
2;39300;ORCHIDS;1040;8;1039.0;5.0;1032.0;46.0;1047;8;1048.0;5.0;1055.0;46.0;1043.5;0.0
2;39400;ORCHIDS;1040;6;1039.0;4.0;1032.0;47.0;1047;6;1048.0;4.0;1055.0;47.0;1043.5;0.0
2;39500;ORCHIDS;1038;6;1037.0;5.0;1031.0;42.0;1045;6;1047.0;5.0;1053.0;42.0;1042.0;0.0
2;39600;ORCHIDS;1037;7;1036.0;4.0;1030.0;49.0;1044;7;1046.0;4.0;1052.0;49.0;1041.0;0.0
2;39700;ORCHIDS;1038;8;1036.0;3.0;1030.0;40.0;1045;8;1046.0;3.0;1053.0;40.0;1041.5;0.0
2;39800;ORCHIDS;1036;5;1035.0;5.0;1029.0;47.0;1043;5;1045.0;5.0;1051.0;47.0;1040.0;0.0
2;39900;ORCHIDS;1036;7;1035.0;3.0;1029.0;45.0;1043;7;1045.0;3.0;1051.0;45.0;1040.0;0.0
2;40000;ORCHIDS;1037;9;1035.0;3.0;1029.0;51.0;1044;9;1045.0;3.0;1052.0;51.0;1040.5;0.0
2;40100;ORCHIDS;1034;5;1033.0;5.0;1027.0;54.0;1041;5;1043.0;5.0;1049.0;54.0;1038.0;0.0
2;40200;ORCHIDS;1035;9;1034.0;2.0;1028.0;41.0;1042;9;1043.0;2.0;1049.0;41.0;1038.5;0.0
2;40300;ORCHIDS;1036;7;1035.0;4.0;1029.0;47.0;1043;7;1044.0;4.0;1050.0;47.0;1039.5;0.0
2;40400;ORCHIDS;1034;7;1033.0;5.0;1028.0;48.0;1041;7;1042.0;5.0;1048.0;48.0;1038.0;0.0
2;40500;ORCHIDS;1033;6;1032.0;3.0;1026.0;38.0;1040;6;1041.0;3.0;1047.0;38.0;1036.5;0.0
2;40600;ORCHIDS;1035;8;1034.0;2.0;1028.0;55.0;1042;8;1043.0;2.0;1049.0;55.0;1038.5;0.0
2;40700;ORCHIDS;1035;6;1034.0;3.0;1028.0;43.0;1041;6;1042.0;3.0;1049.0;43.0;1038.5;0.0
2;40800;ORCHIDS;1035;10;1034.0;3.0;1029.0;44.0;1042;10;1043.0;3.0;1049.0;44.0;1039.0;0.0
2;40900;ORCHIDS;1033;8;1032.0;4.0;1027.0;39.0;1040;8;1041.0;4.0;1047.0;39.0;1037.0;0.0
2;41000;ORCHIDS;1034;8;1033.0;5.0;1027.0;45.0;1041;8;1042.0;5.0;1048.0;45.0;1037.5;0.0
2;41100;ORCHIDS;1034;5;1033.0;5.0;1028.0;43.0;1041;5;1042.0;5.0;1048.0;43.0;1038.0;0.0
2;41200;ORCHIDS;1035;7;1034.0;2.0;1028.0;46.0;1041;7;1042.0;2.0;1049.0;46.0;1038.5;0.0
2;41300;ORCHIDS;1034;9;1033.0;3.0;1027.0;54.0;1041;9;1042.0;3.0;1048.0;54.0;1037.5;0.0
2;41400;ORCHIDS;1034;5;1033.0;3.0;1027.0;47.0;1040;5;1041.0;3.0;1048.0;47.0;1037.5;0.0
2;41500;ORCHIDS;1033;9;1032.0;2.0;1027.0;47.0;1040;9;1041.0;2.0;1047.0;47.0;1037.0;0.0
2;41600;ORCHIDS;1033;5;1032.0;2.0;1026.0;49.0;1040;5;1041.0;2.0;1047.0;49.0;1036.5;0.0
2;41700;ORCHIDS;1033;9;1032.0;2.0;1026.0;49.0;1040;9;1041.0;2.0;1047.0;49.0;1036.5;0.0
2;41800;ORCHIDS;1032;9;1031.0;4.0;1026.0;51.0;1039;9;1040.0;4.0;1046.0;51.0;1036.0;0.0
2;41900;ORCHIDS;1031;5;1030.0;3.0;1024.0;39.0;1038;5;1039.0;3.0;1045.0;39.0;1034.5;0.0
2;42000;ORCHIDS;1032;8;1031.0;3.0;1025.0;50.0;1039;8;1040.0;3.0;1046.0;50.0;1035.5;0.0
2;42100;ORCHIDS;1032;9;1031.0;5.0;1025.0;45.0;1039;9;1040.0;5.0;1046.0;45.0;1035.5;0.0
2;42200;ORCHIDS;1035;5;1034.0;3.0;1028.0;40.0;1042;5;1043.0;3.0;1049.0;40.0;1038.5;0.0
2;42300;ORCHIDS;1032;6;1031.0;4.0;1025.0;43.0;1039;6;1040.0;4.0;1046.0;43.0;1035.5;0.0
2;42400;ORCHIDS;1031;8;1030.0;4.0;1024.0;55.0;1038;8;1039.0;4.0;1045.0;55.0;1034.5;0.0
2;42500;ORCHIDS;1029;5;1028.0;3.0;1022.0;50.0;1036;5;1037.0;3.0;1043.0;50.0;1032.5;0.0
2;42600;ORCHIDS;1029;7;1028.0;4.0;1022.0;50.0;1036;7;1037.0;4.0;1043.0;50.0;1032.5;0.0
2;42700;ORCHIDS;1027;7;1026.0;2.0;1020.0;47.0;1034;7;1035.0;2.0;1041.0;47.0;1030.5;0.0
2;42800;ORCHIDS;1027;5;1026.0;5.0;1020.0;41.0;1034;5;1035.0;5.0;1041.0;41.0;1030.5;0.0
2;42900;ORCHIDS;1025;5;1024.0;2.0;1018.0;48.0;1032;5;1033.0;2.0;1039.0;48.0;1028.5;0.0
2;43000;ORCHIDS;1025;5;1024.0;2.0;1018.0;54.0;1032;5;1033.0;2.0;1039.0;54.0;1028.5;0.0
2;43100;ORCHIDS;1027;7;1026.0;4.0;1020.0;41.0;1034;7;1035.0;4.0;1041.0;41.0;1030.5;0.0
2;43200;ORCHIDS;1026;5;1025.0;3.0;1019.0;49.0;1033;5;1034.0;3.0;1040.0;49.0;1029.5;0.0
2;43300;ORCHIDS;1027;5;1026.0;5.0;1020.0;46.0;1034;5;1035.0;5.0;1041.0;46.0;1030.5;0.0
2;43400;ORCHIDS;1030;7;1027.0;6.0;1026.0;4.0;1034;6;1035.0;4.0;1041.0;44.0;1035.5;0.0
2;43500;ORCHIDS;1027;10;1026.0;2.0;1020.0;47.0;1034;10;1035.0;2.0;1041.0;47.0;1030.5;0.0
2;43600;ORCHIDS;1027;9;1026.0;2.0;1020.0;52.0;1034;9;1035.0;2.0;1041.0;52.0;1030.5;0.0
2;43700;ORCHIDS;1026;5;1025.0;2.0;1019.0;46.0;1033;5;1034.0;2.0;1040.0;46.0;1029.5;0.0
2;43800;ORCHIDS;1022;8;1021.0;4.0;1015.0;49.0;1029;8;1030.0;4.0;1036.0;49.0;1025.5;0.0
2;43900;ORCHIDS;1022;8;1021.0;2.0;1015.0;47.0;1029;8;1030.0;2.0;1036.0;47.0;1025.5;0.0
2;44000;ORCHIDS;1022;5;1021.0;3.0;1015.0;39.0;1029;5;1030.0;3.0;1036.0;39.0;1025.5;0.0
2;44100;ORCHIDS;1024;10;1023.0;4.0;1017.0;58.0;1031;10;1032.0;4.0;1038.0;58.0;1027.5;0.0
2;44200;ORCHIDS;1023;5;1022.0;3.0;1016.0;40.0;1030;5;1031.0;3.0;1037.0;40.0;1026.5;0.0
2;44300;ORCHIDS;1023;9;1022.0;2.0;1016.0;47.0;1030;9;1031.0;2.0;1037.0;47.0;1026.5;0.0
2;44400;ORCHIDS;1024;8;1023.0;2.0;1017.0;51.0;1031;8;1032.0;2.0;1038.0;51.0;1027.5;0.0
2;44500;ORCHIDS;1024;6;1023.0;5.0;1017.0;50.0;1031;6;1032.0;5.0;1038.0;50.0;1027.5;0.0
2;44600;ORCHIDS;1026;5;1025.0;2.0;1019.0;46.0;1033;5;1034.0;2.0;1040.0;46.0;1029.5;0.0
2;44700;ORCHIDS;1027;7;1026.0;5.0;1020.0;49.0;1034;7;1035.0;5.0;1041.0;49.0;1030.5;0.0
2;44800;ORCHIDS;1028;7;1027.0;2.0;1021.0;45.0;1035;7;1036.0;2.0;1042.0;45.0;1031.5;0.0
2;44900;ORCHIDS;1030;10;1029.0;4.0;1023.0;46.0;1037;10;1038.0;4.0;1044.0;46.0;1033.5;0.0
2;45000;ORCHIDS;1030;8;1029.0;4.0;1023.0;42.0;1037;8;1038.0;4.0;1044.0;42.0;1033.5;0.0
2;45100;ORCHIDS;1030;6;1029.0;2.0;1023.0;43.0;1037;6;1038.0;2.0;1044.0;43.0;1033.5;0.0
2;45200;ORCHIDS;1031;6;1030.0;3.0;1024.0;46.0;1038;6;1039.0;3.0;1045.0;46.0;1034.5;0.0
2;45300;ORCHIDS;1034;10;1033.0;2.0;1027.0;58.0;1041;10;1042.0;2.0;1048.0;58.0;1037.5;0.0
2;45400;ORCHIDS;1033;5;1032.0;3.0;1026.0;43.0;1040;5;1041.0;3.0;1047.0;43.0;1036.5;0.0
2;45500;ORCHIDS;1034;9;1033.0;2.0;1027.0;57.0;1041;9;1042.0;2.0;1048.0;57.0;1037.5;0.0
2;45600;ORCHIDS;1033;9;1032.0;4.0;1026.0;53.0;1041;9;1042.0;4.0;1048.0;53.0;1037.0;0.0
2;45700;ORCHIDS;1035;5;1034.0;3.0;1028.0;50.0;1042;5;1043.0;3.0;1049.0;50.0;1038.5;0.0
2;45800;ORCHIDS;1034;9;1033.0;5.0;1027.0;42.0;1041;9;1042.0;5.0;1048.0;42.0;1037.5;0.0
2;45900;ORCHIDS;1033;10;1032.0;5.0;1026.0;55.0;1040;10;1041.0;5.0;1047.0;55.0;1036.5;0.0
2;46000;ORCHIDS;1031;6;1030.0;2.0;1024.0;46.0;1038;6;1039.0;2.0;1045.0;46.0;1034.5;0.0
2;46100;ORCHIDS;1033;5;1032.0;2.0;1026.0;41.0;1040;5;1041.0;2.0;1047.0;41.0;1036.5;0.0
2;46200;ORCHIDS;1032;8;1031.0;5.0;1025.0;39.0;1039;8;1040.0;5.0;1046.0;39.0;1035.5;0.0
2;46300;ORCHIDS;1031;7;1030.0;3.0;1024.0;45.0;1039;7;1040.0;3.0;1046.0;45.0;1035.0;0.0
2;46400;ORCHIDS;1034;7;1033.0;4.0;1027.0;42.0;1041;7;1042.0;4.0;1048.0;42.0;1037.5;0.0
2;46500;ORCHIDS;1037;8;1034.0;5.0;1033.0;4.0;1041;5;1042.0;4.0;1048.0;44.0;1042.5;0.0
2;46600;ORCHIDS;1034;9;1033.0;5.0;1027.0;46.0;1036;3;1041.0;9.0;1042.0;5.0;1034.0;0.0
2;46700;ORCHIDS;1033;10;1032.0;3.0;1026.0;48.0;1040;10;1041.0;3.0;1047.0;48.0;1036.5;0.0
2;46800;ORCHIDS;1031;9;1030.0;3.0;1024.0;53.0;1038;9;1039.0;3.0;1045.0;53.0;1034.5;0.0
2;46900;ORCHIDS;1031;9;1030.0;5.0;1024.0;45.0;1039;9;1040.0;5.0;1046.0;45.0;1035.0;0.0
2;47000;ORCHIDS;1031;10;1030.0;2.0;1024.0;50.0;1038;10;1039.0;2.0;1045.0;50.0;1034.5;0.0
2;47100;ORCHIDS;1029;8;1028.0;5.0;1022.0;47.0;1036;8;1037.0;5.0;1043.0;47.0;1032.5;0.0
2;47200;ORCHIDS;1029;9;1028.0;4.0;1022.0;45.0;1036;9;1037.0;4.0;1043.0;45.0;1032.5;0.0
2;47300;ORCHIDS;1028;7;1027.0;4.0;1021.0;51.0;1035;7;1036.0;4.0;1042.0;51.0;1031.5;0.0
2;47400;ORCHIDS;1028;5;1027.0;5.0;1021.0;51.0;1036;5;1037.0;5.0;1043.0;51.0;1032.0;0.0
2;47500;ORCHIDS;1030;9;1029.0;4.0;1023.0;41.0;1037;9;1038.0;4.0;1044.0;41.0;1033.5;0.0
2;47600;ORCHIDS;1030;9;1029.0;5.0;1023.0;50.0;1037;9;1038.0;5.0;1044.0;50.0;1033.5;0.0
2;47700;ORCHIDS;1031;10;1030.0;2.0;1024.0;47.0;1038;10;1039.0;2.0;1045.0;47.0;1034.5;0.0
2;47800;ORCHIDS;1031;5;1030.0;3.0;1024.0;48.0;1038;5;1039.0;3.0;1045.0;48.0;1034.5;0.0
2;47900;ORCHIDS;1032;7;1031.0;3.0;1025.0;46.0;1039;7;1040.0;3.0;1046.0;46.0;1035.5;0.0
2;48000;ORCHIDS;1032;6;1031.0;5.0;1025.0;53.0;1039;6;1040.0;5.0;1046.0;53.0;1035.5;0.0
2;48100;ORCHIDS;1033;7;1032.0;5.0;1026.0;41.0;1040;7;1041.0;5.0;1047.0;41.0;1036.5;0.0
2;48200;ORCHIDS;1035;10;1034.0;4.0;1028.0;51.0;1042;10;1043.0;4.0;1049.0;51.0;1038.5;0.0
2;48300;ORCHIDS;1034;5;1033.0;4.0;1027.0;39.0;1041;5;1042.0;4.0;1048.0;39.0;1037.5;0.0
2;48400;ORCHIDS;1035;9;1034.0;4.0;1028.0;45.0;1039;5;1042.0;9.0;1043.0;4.0;1035.0;0.0
2;48500;ORCHIDS;1036;9;1035.0;2.0;1029.0;57.0;1043;9;1044.0;2.0;1050.0;57.0;1039.5;0.0
2;48600;ORCHIDS;1036;6;1035.0;4.0;1029.0;40.0;1043;6;1044.0;4.0;1050.0;40.0;1039.5;0.0
2;48700;ORCHIDS;1038;10;1037.0;4.0;1031.0;54.0;1045;10;1046.0;4.0;1052.0;54.0;1041.5;0.0
2;48800;ORCHIDS;1037;7;1036.0;2.0;1030.0;40.0;1045;7;1046.0;2.0;1052.0;40.0;1041.0;0.0
2;48900;ORCHIDS;1037;10;1036.0;3.0;1030.0;50.0;1045;10;1046.0;3.0;1052.0;50.0;1041.0;0.0
2;49000;ORCHIDS;1037;6;1036.0;2.0;1030.0;43.0;1045;6;1046.0;2.0;1052.0;43.0;1041.0;0.0
2;49100;ORCHIDS;1037;6;1036.0;5.0;1030.0;55.0;1045;6;1046.0;5.0;1052.0;55.0;1041.0;0.0
2;49200;ORCHIDS;1039;7;1038.0;5.0;1032.0;48.0;1046;7;1047.0;5.0;1053.0;48.0;1042.5;0.0
2;49300;ORCHIDS;1039;8;1038.0;5.0;1032.0;56.0;1046;8;1047.0;5.0;1053.0;56.0;1042.5;0.0
2;49400;ORCHIDS;1039;10;1038.0;5.0;1032.0;44.0;1046;10;1047.0;5.0;1053.0;44.0;1042.5;0.0
2;49500;ORCHIDS;1039;7;1038.0;5.0;1032.0;48.0;1046;7;1047.0;5.0;1053.0;48.0;1042.5;0.0
2;49600;ORCHIDS;1039;6;1038.0;4.0;1032.0;46.0;1046;6;1047.0;4.0;1053.0;46.0;1042.5;0.0
2;49700;ORCHIDS;1041;8;1040.0;5.0;1034.0;49.0;1048;8;1049.0;5.0;1055.0;49.0;1044.5;0.0
2;49800;ORCHIDS;1042;7;1041.0;5.0;1035.0;45.0;1049;7;1050.0;5.0;1056.0;45.0;1045.5;0.0
2;49900;ORCHIDS;1040;6;1039.0;4.0;1033.0;45.0;1047;6;1048.0;4.0;1054.0;45.0;1043.5;0.0
2;50000;ORCHIDS;1041;6;1040.0;2.0;1034.0;42.0;1048;6;1049.0;2.0;1055.0;42.0;1044.5;0.0
2;50100;ORCHIDS;1041;9;1040.0;4.0;1034.0;45.0;1048;9;1049.0;4.0;1055.0;45.0;1044.5;0.0
2;50200;ORCHIDS;1040;6;1039.0;3.0;1033.0;43.0;1047;6;1048.0;3.0;1054.0;43.0;1043.5;0.0
2;50300;ORCHIDS;1041;10;1040.0;4.0;1034.0;50.0;1048;10;1049.0;4.0;1055.0;50.0;1044.5;0.0
2;50400;ORCHIDS;1042;8;1041.0;4.0;1035.0;50.0;1049;8;1050.0;4.0;1056.0;50.0;1045.5;0.0
2;50500;ORCHIDS;1044;9;1043.0;2.0;1037.0;39.0;1051;9;1052.0;2.0;1058.0;39.0;1047.5;0.0
2;50600;ORCHIDS;1045;8;1044.0;3.0;1038.0;42.0;1052;8;1053.0;3.0;1059.0;42.0;1048.5;0.0
2;50700;ORCHIDS;1046;9;1045.0;4.0;1039.0;41.0;1053;9;1054.0;4.0;1060.0;41.0;1049.5;0.0
2;50800;ORCHIDS;1046;7;1045.0;3.0;1039.0;46.0;1053;7;1054.0;3.0;1060.0;46.0;1049.5;0.0
2;50900;ORCHIDS;1044;5;1043.0;4.0;1037.0;43.0;1051;5;1052.0;4.0;1058.0;43.0;1047.5;0.0
2;51000;ORCHIDS;1045;8;1044.0;5.0;1038.0;53.0;1052;8;1053.0;5.0;1059.0;53.0;1048.5;0.0
2;51100;ORCHIDS;1045;10;1044.0;2.0;1038.0;46.0;1052;10;1053.0;2.0;1059.0;46.0;1048.5;0.0
2;51200;ORCHIDS;1044;8;1043.0;5.0;1037.0;54.0;1052;8;1053.0;5.0;1059.0;54.0;1048.0;0.0
2;51300;ORCHIDS;1046;10;1045.0;5.0;1039.0;50.0;1053;10;1054.0;5.0;1060.0;50.0;1049.5;0.0
2;51400;ORCHIDS;1046;8;1045.0;2.0;1039.0;54.0;1053;8;1054.0;2.0;1060.0;54.0;1049.5;0.0
2;51500;ORCHIDS;1045;10;1044.0;5.0;1038.0;44.0;1052;10;1053.0;5.0;1059.0;44.0;1048.5;0.0
2;51600;ORCHIDS;1047;7;1046.0;2.0;1040.0;42.0;1054;7;1055.0;2.0;1061.0;42.0;1050.5;0.0
2;51700;ORCHIDS;1047;6;1046.0;2.0;1040.0;46.0;1054;6;1055.0;2.0;1061.0;46.0;1050.5;0.0
2;51800;ORCHIDS;1046;9;1045.0;3.0;1039.0;49.0;1054;9;1055.0;3.0;1061.0;49.0;1050.0;0.0
2;51900;ORCHIDS;1045;5;1044.0;2.0;1038.0;49.0;1052;5;1053.0;2.0;1059.0;49.0;1048.5;0.0
2;52000;ORCHIDS;1045;6;1044.0;5.0;1038.0;53.0;1053;6;1054.0;5.0;1060.0;53.0;1049.0;0.0
2;52100;ORCHIDS;1045;7;1044.0;3.0;1038.0;50.0;1053;7;1054.0;3.0;1060.0;50.0;1049.0;0.0
2;52200;ORCHIDS;1044;9;1043.0;4.0;1037.0;43.0;1051;9;1052.0;4.0;1058.0;43.0;1047.5;0.0
2;52300;ORCHIDS;1043;8;1042.0;2.0;1036.0;48.0;1050;8;1051.0;2.0;1057.0;48.0;1046.5;0.0
2;52400;ORCHIDS;1043;7;1042.0;4.0;1036.0;46.0;1050;7;1051.0;4.0;1057.0;46.0;1046.5;0.0
2;52500;ORCHIDS;1043;5;1042.0;5.0;1036.0;47.0;1050;5;1051.0;5.0;1057.0;47.0;1046.5;0.0
2;52600;ORCHIDS;1043;7;1042.0;3.0;1036.0;48.0;1050;7;1051.0;3.0;1057.0;48.0;1046.5;0.0
2;52700;ORCHIDS;1043;5;1042.0;4.0;1036.0;41.0;1050;5;1051.0;4.0;1057.0;41.0;1046.5;0.0
2;52800;ORCHIDS;1044;10;1043.0;5.0;1037.0;60.0;1051;10;1052.0;5.0;1058.0;60.0;1047.5;0.0
2;52900;ORCHIDS;1041;10;1040.0;5.0;1034.0;50.0;1048;10;1049.0;5.0;1055.0;50.0;1044.5;0.0
2;53000;ORCHIDS;1043;6;1042.0;3.0;1036.0;55.0;1050;6;1051.0;3.0;1057.0;55.0;1046.5;0.0
2;53100;ORCHIDS;1043;7;1042.0;4.0;1036.0;47.0;1050;7;1051.0;4.0;1057.0;47.0;1046.5;0.0
2;53200;ORCHIDS;1041;7;1040.0;2.0;1034.0;45.0;1048;7;1049.0;2.0;1055.0;45.0;1044.5;0.0
2;53300;ORCHIDS;1040;5;1039.0;3.0;1033.0;51.0;1047;5;1048.0;3.0;1054.0;51.0;1043.5;0.0
2;53400;ORCHIDS;1042;10;1041.0;3.0;1035.0;47.0;1049;10;1050.0;3.0;1056.0;47.0;1045.5;0.0
2;53500;ORCHIDS;1042;6;1041.0;4.0;1035.0;42.0;1049;6;1050.0;4.0;1056.0;42.0;1045.5;0.0
2;53600;ORCHIDS;1042;7;1041.0;2.0;1035.0;53.0;1049;7;1050.0;2.0;1056.0;53.0;1045.5;0.0
2;53700;ORCHIDS;1042;9;1041.0;4.0;1035.0;46.0;1049;9;1050.0;4.0;1056.0;46.0;1045.5;0.0
2;53800;ORCHIDS;1043;5;1042.0;2.0;1036.0;39.0;1050;5;1051.0;2.0;1057.0;39.0;1046.5;0.0
2;53900;ORCHIDS;1041;8;1040.0;4.0;1034.0;47.0;1048;8;1049.0;4.0;1055.0;47.0;1044.5;0.0
2;54000;ORCHIDS;1040;5;1039.0;5.0;1033.0;46.0;1048;5;1049.0;5.0;1055.0;46.0;1044.0;0.0
2;54100;ORCHIDS;1040;6;1039.0;4.0;1033.0;45.0;1047;6;1048.0;4.0;1054.0;45.0;1043.5;0.0
2;54200;ORCHIDS;1042;8;1041.0;5.0;1035.0;49.0;1049;8;1050.0;5.0;1056.0;49.0;1045.5;0.0
2;54300;ORCHIDS;1042;8;1041.0;4.0;1035.0;47.0;1049;8;1050.0;4.0;1056.0;47.0;1045.5;0.0
2;54400;ORCHIDS;1043;5;1042.0;5.0;1036.0;47.0;1050;5;1051.0;5.0;1057.0;47.0;1046.5;0.0
2;54500;ORCHIDS;1046;10;1045.0;4.0;1039.0;53.0;1050;10;1053.0;10.0;1054.0;4.0;1044.5;0.0
2;54600;ORCHIDS;1045;6;1044.0;2.0;1038.0;51.0;1052;6;1053.0;2.0;1059.0;51.0;1048.5;0.0
2;54700;ORCHIDS;1044;8;1043.0;5.0;1037.0;53.0;1051;8;1052.0;5.0;1058.0;53.0;1047.5;0.0
2;54800;ORCHIDS;1043;7;1042.0;2.0;1036.0;47.0;1050;7;1051.0;2.0;1057.0;47.0;1046.5;0.0
2;54900;ORCHIDS;1044;6;1043.0;2.0;1037.0;49.0;1051;6;1052.0;2.0;1058.0;49.0;1047.5;0.0
2;55000;ORCHIDS;1044;9;1043.0;3.0;1037.0;54.0;1051;9;1052.0;3.0;1058.0;54.0;1047.5;0.0
2;55100;ORCHIDS;1044;10;1043.0;5.0;1037.0;53.0;1051;10;1052.0;5.0;1058.0;53.0;1047.5;0.0
2;55200;ORCHIDS;1046;7;1045.0;3.0;1039.0;40.0;1053;7;1054.0;3.0;1060.0;40.0;1049.5;0.0
2;55300;ORCHIDS;1050;6;1047.0;8.0;1046.0;5.0;1054;8;1055.0;5.0;1061.0;57.0;1054.0;0.0
2;55400;ORCHIDS;1047;5;1046.0;2.0;1040.0;49.0;1051;4;1055.0;5.0;1056.0;2.0;1047.5;0.0
2;55500;ORCHIDS;1049;8;1048.0;4.0;1042.0;43.0;1056;8;1057.0;4.0;1063.0;43.0;1052.5;0.0
2;55600;ORCHIDS;1049;5;1048.0;2.0;1042.0;41.0;1056;5;1057.0;2.0;1063.0;41.0;1052.5;0.0
2;55700;ORCHIDS;1049;10;1048.0;3.0;1042.0;49.0;1056;10;1057.0;3.0;1063.0;49.0;1052.5;0.0
2;55800;ORCHIDS;1054;4;1049.0;8.0;1048.0;3.0;1056;8;1057.0;3.0;1063.0;53.0;1056.0;0.0
2;55900;ORCHIDS;1048;7;1047.0;2.0;1041.0;48.0;1055;7;1056.0;2.0;1062.0;48.0;1051.5;0.0
2;56000;ORCHIDS;1047;9;1046.0;5.0;1040.0;48.0;1054;9;1055.0;5.0;1061.0;48.0;1050.5;0.0
2;56100;ORCHIDS;1047;8;1046.0;4.0;1040.0;49.0;1055;8;1056.0;4.0;1062.0;49.0;1051.0;0.0
2;56200;ORCHIDS;1047;6;1046.0;4.0;1040.0;46.0;1054;6;1055.0;4.0;1061.0;46.0;1050.5;0.0
2;56300;ORCHIDS;1045;7;1044.0;3.0;1038.0;46.0;1052;7;1053.0;3.0;1059.0;46.0;1048.5;0.0
2;56400;ORCHIDS;1048;5;1045.0;9.0;1044.0;3.0;1052;9;1053.0;3.0;1059.0;52.0;1052.0;0.0
2;56500;ORCHIDS;1045;10;1044.0;2.0;1038.0;49.0;1052;10;1053.0;2.0;1059.0;49.0;1048.5;0.0
2;56600;ORCHIDS;1042;8;1041.0;3.0;1035.0;57.0;1046;8;1049.0;8.0;1050.0;3.0;1040.5;0.0
2;56700;ORCHIDS;1042;5;1041.0;4.0;1035.0;35.0;1050;5;1051.0;4.0;1057.0;35.0;1046.0;0.0
2;56800;ORCHIDS;1043;10;1042.0;2.0;1036.0;54.0;1050;10;1051.0;2.0;1057.0;54.0;1046.5;0.0
2;56900;ORCHIDS;1043;8;1042.0;3.0;1036.0;44.0;1051;8;1052.0;3.0;1058.0;44.0;1047.0;0.0
2;57000;ORCHIDS;1043;9;1042.0;2.0;1036.0;58.0;1050;9;1051.0;2.0;1057.0;58.0;1046.5;0.0
2;57100;ORCHIDS;1044;9;1043.0;3.0;1037.0;52.0;1051;9;1052.0;3.0;1058.0;52.0;1047.5;0.0
2;57200;ORCHIDS;1049;6;1046.0;10.0;1045.0;5.0;1053;10;1054.0;5.0;1060.0;47.0;1053.0;0.0
2;57300;ORCHIDS;1047;6;1046.0;2.0;1040.0;46.0;1054;6;1055.0;2.0;1061.0;46.0;1050.5;0.0
2;57400;ORCHIDS;1048;5;1047.0;2.0;1041.0;43.0;1055;5;1056.0;2.0;1062.0;43.0;1051.5;0.0
2;57500;ORCHIDS;1046;5;1045.0;4.0;1039.0;49.0;1053;5;1054.0;4.0;1060.0;49.0;1049.5;0.0
2;57600;ORCHIDS;1046;9;1045.0;4.0;1039.0;51.0;1053;9;1054.0;4.0;1060.0;51.0;1049.5;0.0
2;57700;ORCHIDS;1046;6;1045.0;5.0;1039.0;54.0;1053;6;1054.0;5.0;1060.0;54.0;1049.5;0.0
2;57800;ORCHIDS;1051;6;1048.0;9.0;1047.0;5.0;1055;9;1056.0;5.0;1062.0;49.0;1055.0;0.0
2;57900;ORCHIDS;1048;8;1047.0;5.0;1041.0;51.0;1055;8;1056.0;5.0;1062.0;51.0;1051.5;0.0
2;58000;ORCHIDS;1045;5;1044.0;2.0;1038.0;50.0;1052;5;1053.0;2.0;1059.0;50.0;1048.5;0.0
2;58100;ORCHIDS;1047;7;1046.0;5.0;1040.0;43.0;1054;7;1055.0;5.0;1061.0;43.0;1050.5;0.0
2;58200;ORCHIDS;1048;8;1047.0;2.0;1041.0;55.0;1055;8;1056.0;2.0;1062.0;55.0;1051.5;0.0
2;58300;ORCHIDS;1052;10;1049.0;10.0;1048.0;4.0;1056;10;1057.0;4.0;1063.0;51.0;1057.5;0.0
2;58400;ORCHIDS;1045;8;1044.0;3.0;1039.0;42.0;1052;8;1053.0;3.0;1059.0;42.0;1049.0;0.0
2;58500;ORCHIDS;1048;10;1047.0;3.0;1042.0;50.0;1055;10;1056.0;3.0;1062.0;50.0;1052.0;0.0
2;58600;ORCHIDS;1048;10;1047.0;5.0;1042.0;50.0;1055;10;1056.0;5.0;1062.0;50.0;1052.0;0.0
2;58700;ORCHIDS;1050;9;1049.0;4.0;1044.0;48.0;1057;9;1058.0;4.0;1064.0;48.0;1054.0;0.0
2;58800;ORCHIDS;1052;9;1051.0;3.0;1045.0;53.0;1059;9;1060.0;3.0;1066.0;53.0;1055.5;0.0
2;58900;ORCHIDS;1052;7;1051.0;3.0;1046.0;49.0;1059;7;1060.0;3.0;1066.0;49.0;1056.0;0.0
2;59000;ORCHIDS;1053;10;1052.0;4.0;1047.0;47.0;1060;10;1061.0;4.0;1067.0;47.0;1057.0;0.0
2;59100;ORCHIDS;1053;5;1052.0;3.0;1047.0;52.0;1060;5;1061.0;3.0;1067.0;52.0;1057.0;0.0
2;59200;ORCHIDS;1052;9;1051.0;2.0;1046.0;48.0;1059;9;1060.0;2.0;1066.0;48.0;1056.0;0.0
2;59300;ORCHIDS;1054;8;1053.0;2.0;1047.0;48.0;1061;8;1062.0;2.0;1068.0;48.0;1057.5;0.0
2;59400;ORCHIDS;1054;10;1053.0;3.0;1047.0;48.0;1061;10;1062.0;3.0;1068.0;48.0;1057.5;0.0
2;59500;ORCHIDS;1054;9;1053.0;5.0;1047.0;43.0;1061;9;1062.0;5.0;1068.0;43.0;1057.5;0.0
2;59600;ORCHIDS;1055;5;1054.0;4.0;1048.0;43.0;1062;5;1063.0;4.0;1069.0;43.0;1058.5;0.0
2;59700;ORCHIDS;1055;8;1054.0;5.0;1048.0;45.0;1062;8;1063.0;5.0;1069.0;45.0;1058.5;0.0
2;59800;ORCHIDS;1052;6;1051.0;3.0;1045.0;53.0;1059;6;1060.0;3.0;1066.0;53.0;1055.5;0.0
2;59900;ORCHIDS;1053;9;1052.0;4.0;1046.0;42.0;1060;9;1061.0;4.0;1067.0;42.0;1056.5;0.0
2;60000;ORCHIDS;1053;6;1052.0;4.0;1046.0;51.0;1060;6;1061.0;4.0;1067.0;51.0;1056.5;0.0
2;60100;ORCHIDS;1051;6;1050.0;3.0;1044.0;42.0;1058;6;1059.0;3.0;1065.0;42.0;1054.5;0.0
2;60200;ORCHIDS;1050;7;1049.0;2.0;1044.0;43.0;1057;7;1058.0;2.0;1064.0;43.0;1054.0;0.0
2;60300;ORCHIDS;1051;7;1050.0;2.0;1045.0;45.0;1058;7;1059.0;2.0;1065.0;45.0;1055.0;0.0
2;60400;ORCHIDS;1051;5;1050.0;4.0;1044.0;48.0;1058;5;1059.0;4.0;1065.0;48.0;1054.5;0.0
2;60500;ORCHIDS;1051;6;1050.0;2.0;1045.0;48.0;1058;6;1059.0;2.0;1065.0;48.0;1055.0;0.0
2;60600;ORCHIDS;1051;6;1050.0;5.0;1045.0;49.0;1058;6;1059.0;5.0;1065.0;49.0;1055.0;0.0
2;60700;ORCHIDS;1050;10;1049.0;3.0;1043.0;52.0;1057;10;1058.0;3.0;1064.0;52.0;1053.5;0.0
2;60800;ORCHIDS;1050;8;1049.0;4.0;1043.0;45.0;1056;8;1057.0;4.0;1064.0;45.0;1053.5;0.0
2;60900;ORCHIDS;1050;6;1049.0;5.0;1044.0;48.0;1057;6;1058.0;5.0;1064.0;48.0;1054.0;0.0
2;61000;ORCHIDS;1050;9;1049.0;3.0;1043.0;46.0;1057;9;1058.0;3.0;1064.0;46.0;1053.5;0.0
2;61100;ORCHIDS;1051;10;1050.0;4.0;1045.0;52.0;1058;10;1059.0;4.0;1065.0;52.0;1055.0;0.0
2;61200;ORCHIDS;1051;6;1050.0;3.0;1044.0;46.0;1058;6;1059.0;3.0;1065.0;46.0;1054.5;0.0
2;61300;ORCHIDS;1051;7;1050.0;5.0;1044.0;52.0;1058;7;1059.0;5.0;1065.0;52.0;1054.5;0.0
2;61400;ORCHIDS;1052;9;1051.0;4.0;1045.0;50.0;1059;9;1060.0;4.0;1066.0;50.0;1055.5;0.0
2;61500;ORCHIDS;1049;5;1048.0;3.0;1042.0;51.0;1056;5;1057.0;3.0;1063.0;51.0;1052.5;0.0
2;61600;ORCHIDS;1049;7;1048.0;5.0;1042.0;47.0;1056;7;1057.0;5.0;1063.0;47.0;1052.5;0.0
2;61700;ORCHIDS;1049;6;1048.0;2.0;1042.0;52.0;1056;6;1057.0;2.0;1063.0;52.0;1052.5;0.0
2;61800;ORCHIDS;1048;7;1047.0;5.0;1041.0;51.0;1055;7;1056.0;5.0;1062.0;51.0;1051.5;0.0
2;61900;ORCHIDS;1049;8;1048.0;5.0;1042.0;43.0;1056;8;1057.0;5.0;1063.0;43.0;1052.5;0.0
2;62000;ORCHIDS;1049;10;1048.0;3.0;1042.0;50.0;1056;10;1057.0;3.0;1063.0;50.0;1052.5;0.0
2;62100;ORCHIDS;1052;5;1051.0;4.0;1045.0;47.0;1059;5;1060.0;4.0;1066.0;47.0;1055.5;0.0
2;62200;ORCHIDS;1051;9;1050.0;2.0;1044.0;50.0;1058;9;1059.0;2.0;1065.0;50.0;1054.5;0.0
2;62300;ORCHIDS;1049;6;1048.0;5.0;1043.0;41.0;1056;6;1057.0;5.0;1063.0;41.0;1053.0;0.0
2;62400;ORCHIDS;1048;10;1047.0;3.0;1042.0;60.0;1055;10;1056.0;3.0;1062.0;60.0;1052.0;0.0
2;62500;ORCHIDS;1048;8;1047.0;3.0;1041.0;46.0;1055;8;1056.0;3.0;1062.0;46.0;1051.5;0.0
2;62600;ORCHIDS;1048;9;1047.0;5.0;1041.0;48.0;1055;9;1056.0;5.0;1062.0;48.0;1051.5;0.0
2;62700;ORCHIDS;1048;6;1047.0;3.0;1042.0;45.0;1055;6;1056.0;3.0;1062.0;45.0;1052.0;0.0
2;62800;ORCHIDS;1049;7;1048.0;3.0;1043.0;42.0;1056;7;1057.0;3.0;1063.0;42.0;1053.0;0.0
2;62900;ORCHIDS;1049;5;1048.0;3.0;1043.0;48.0;1056;5;1057.0;3.0;1063.0;48.0;1053.0;0.0
2;63000;ORCHIDS;1050;8;1049.0;2.0;1044.0;48.0;1057;8;1058.0;2.0;1064.0;48.0;1054.0;0.0
2;63100;ORCHIDS;1051;10;1050.0;4.0;1045.0;52.0;1058;10;1059.0;4.0;1065.0;52.0;1055.0;0.0
2;63200;ORCHIDS;1052;7;1051.0;4.0;1045.0;38.0;1058;7;1059.0;4.0;1066.0;38.0;1055.5;0.0
2;63300;ORCHIDS;1052;6;1051.0;3.0;1045.0;47.0;1055;7;1058.0;6.0;1059.0;3.0;1050.0;0.0
2;63400;ORCHIDS;1050;5;1049.0;3.0;1044.0;42.0;1057;5;1058.0;3.0;1064.0;42.0;1054.0;0.0
2;63500;ORCHIDS;1050;6;1049.0;3.0;1044.0;47.0;1057;6;1058.0;3.0;1064.0;47.0;1054.0;0.0
2;63600;ORCHIDS;1050;5;1049.0;3.0;1044.0;43.0;1057;5;1058.0;3.0;1064.0;43.0;1054.0;0.0
2;63700;ORCHIDS;1051;7;1050.0;3.0;1045.0;50.0;1058;7;1059.0;3.0;1065.0;50.0;1055.0;0.0
2;63800;ORCHIDS;1053;9;1052.0;5.0;1046.0;39.0;1060;9;1061.0;5.0;1067.0;39.0;1056.5;0.0
2;63900;ORCHIDS;1054;5;1053.0;4.0;1047.0;46.0;1061;5;1062.0;4.0;1068.0;46.0;1057.5;0.0
2;64000;ORCHIDS;1056;10;1055.0;4.0;1049.0;49.0;1063;10;1064.0;4.0;1070.0;49.0;1059.5;0.0
2;64100;ORCHIDS;1055;9;1054.0;4.0;1049.0;54.0;1062;9;1063.0;4.0;1069.0;54.0;1059.0;0.0
2;64200;ORCHIDS;1053;10;1052.0;3.0;1047.0;58.0;1060;10;1061.0;3.0;1067.0;58.0;1057.0;0.0
2;64300;ORCHIDS;1051;7;1050.0;3.0;1044.0;40.0;1058;7;1059.0;3.0;1065.0;40.0;1054.5;0.0
2;64400;ORCHIDS;1050;5;1049.0;2.0;1043.0;37.0;1057;5;1058.0;2.0;1064.0;37.0;1053.5;0.0
2;64500;ORCHIDS;1050;8;1049.0;4.0;1043.0;47.0;1057;8;1058.0;4.0;1064.0;47.0;1053.5;0.0
2;64600;ORCHIDS;1048;10;1047.0;2.0;1042.0;49.0;1055;10;1056.0;2.0;1062.0;49.0;1052.0;0.0
2;64700;ORCHIDS;1049;7;1048.0;3.0;1043.0;46.0;1056;7;1057.0;3.0;1063.0;46.0;1053.0;0.0
2;64800;ORCHIDS;1049;6;1048.0;2.0;1042.0;41.0;1056;6;1057.0;2.0;1063.0;41.0;1052.5;0.0
2;64900;ORCHIDS;1052;7;1051.0;2.0;1045.0;51.0;1059;7;1060.0;2.0;1066.0;51.0;1055.5;0.0
2;65000;ORCHIDS;1055;8;1054.0;5.0;1048.0;52.0;1062;8;1063.0;5.0;1069.0;52.0;1058.5;0.0
2;65100;ORCHIDS;1052;9;1051.0;4.0;1045.0;46.0;1059;9;1060.0;4.0;1066.0;46.0;1055.5;0.0
2;65200;ORCHIDS;1052;10;1051.0;2.0;1046.0;52.0;1059;10;1060.0;2.0;1066.0;52.0;1056.0;0.0
2;65300;ORCHIDS;1053;6;1052.0;4.0;1046.0;38.0;1060;6;1061.0;4.0;1067.0;38.0;1056.5;0.0
2;65400;ORCHIDS;1054;5;1053.0;3.0;1047.0;42.0;1061;5;1062.0;3.0;1068.0;42.0;1057.5;0.0
2;65500;ORCHIDS;1053;6;1052.0;2.0;1046.0;46.0;1060;6;1061.0;2.0;1067.0;46.0;1056.5;0.0
2;65600;ORCHIDS;1051;6;1050.0;4.0;1045.0;48.0;1058;6;1059.0;4.0;1065.0;48.0;1055.0;0.0
2;65700;ORCHIDS;1051;8;1050.0;2.0;1045.0;51.0;1058;8;1059.0;2.0;1065.0;51.0;1055.0;0.0
2;65800;ORCHIDS;1049;5;1048.0;5.0;1043.0;47.0;1056;5;1057.0;5.0;1063.0;47.0;1053.0;0.0
2;65900;ORCHIDS;1050;6;1049.0;4.0;1044.0;49.0;1054;6;1057.0;6.0;1058.0;4.0;1049.0;0.0
2;66000;ORCHIDS;1050;5;1049.0;3.0;1043.0;48.0;1057;5;1058.0;3.0;1064.0;48.0;1053.5;0.0
2;66100;ORCHIDS;1051;9;1050.0;5.0;1045.0;58.0;1058;9;1059.0;5.0;1065.0;58.0;1055.0;0.0
2;66200;ORCHIDS;1051;8;1050.0;5.0;1045.0;54.0;1058;8;1059.0;5.0;1065.0;54.0;1055.0;0.0
2;66300;ORCHIDS;1051;8;1050.0;5.0;1045.0;45.0;1058;8;1059.0;5.0;1065.0;45.0;1055.0;0.0
2;66400;ORCHIDS;1050;9;1049.0;2.0;1043.0;43.0;1057;9;1058.0;2.0;1064.0;43.0;1053.5;0.0
2;66500;ORCHIDS;1049;9;1048.0;5.0;1042.0;50.0;1056;9;1057.0;5.0;1063.0;50.0;1052.5;0.0
2;66600;ORCHIDS;1048;9;1047.0;4.0;1041.0;49.0;1055;9;1056.0;4.0;1062.0;49.0;1051.5;0.0
2;66700;ORCHIDS;1049;9;1048.0;5.0;1043.0;40.0;1056;9;1057.0;5.0;1063.0;40.0;1053.0;0.0
2;66800;ORCHIDS;1050;8;1049.0;4.0;1044.0;51.0;1057;8;1058.0;4.0;1064.0;51.0;1054.0;0.0
2;66900;ORCHIDS;1052;5;1051.0;2.0;1045.0;38.0;1059;5;1060.0;2.0;1066.0;38.0;1055.5;0.0
2;67000;ORCHIDS;1054;8;1053.0;3.0;1048.0;45.0;1061;8;1062.0;3.0;1068.0;45.0;1058.0;0.0
2;67100;ORCHIDS;1053;8;1052.0;3.0;1046.0;45.0;1060;8;1061.0;3.0;1067.0;45.0;1056.5;0.0
2;67200;ORCHIDS;1053;5;1052.0;4.0;1046.0;42.0;1060;5;1061.0;4.0;1067.0;42.0;1056.5;0.0
2;67300;ORCHIDS;1054;8;1053.0;2.0;1048.0;51.0;1061;8;1062.0;2.0;1068.0;51.0;1058.0;0.0
2;67400;ORCHIDS;1055;10;1054.0;5.0;1049.0;47.0;1062;10;1063.0;5.0;1069.0;47.0;1059.0;0.0
2;67500;ORCHIDS;1054;10;1053.0;5.0;1048.0;56.0;1061;10;1062.0;5.0;1068.0;56.0;1058.0;0.0
2;67600;ORCHIDS;1056;9;1055.0;5.0;1050.0;52.0;1063;9;1064.0;5.0;1070.0;52.0;1060.0;0.0
2;67700;ORCHIDS;1055;8;1054.0;3.0;1049.0;50.0;1062;8;1063.0;3.0;1069.0;50.0;1059.0;0.0
2;67800;ORCHIDS;1056;9;1055.0;4.0;1049.0;50.0;1063;9;1064.0;4.0;1070.0;50.0;1059.5;0.0
2;67900;ORCHIDS;1056;9;1055.0;3.0;1049.0;50.0;1063;9;1064.0;3.0;1070.0;50.0;1059.5;0.0
2;68000;ORCHIDS;1055;7;1054.0;4.0;1049.0;49.0;1062;7;1063.0;4.0;1069.0;49.0;1059.0;0.0
2;68100;ORCHIDS;1055;10;1054.0;3.0;1049.0;43.0;1062;10;1063.0;3.0;1069.0;43.0;1059.0;0.0
2;68200;ORCHIDS;1055;8;1054.0;5.0;1048.0;44.0;1062;8;1063.0;5.0;1069.0;44.0;1058.5;0.0
2;68300;ORCHIDS;1054;9;1053.0;4.0;1048.0;45.0;1061;9;1062.0;4.0;1068.0;45.0;1058.0;0.0
2;68400;ORCHIDS;1056;10;1055.0;4.0;1050.0;57.0;1063;10;1064.0;4.0;1070.0;57.0;1060.0;0.0
2;68500;ORCHIDS;1057;5;1056.0;5.0;1051.0;47.0;1064;5;1065.0;5.0;1071.0;47.0;1061.0;0.0
2;68600;ORCHIDS;1058;5;1057.0;4.0;1052.0;37.0;1065;5;1066.0;4.0;1072.0;37.0;1062.0;0.0
2;68700;ORCHIDS;1058;7;1057.0;2.0;1052.0;40.0;1065;7;1066.0;2.0;1072.0;40.0;1062.0;0.0
2;68800;ORCHIDS;1060;5;1059.0;5.0;1053.0;50.0;1067;5;1068.0;5.0;1074.0;50.0;1063.5;0.0
2;68900;ORCHIDS;1063;5;1062.0;5.0;1056.0;38.0;1070;5;1071.0;5.0;1077.0;38.0;1066.5;0.0
2;69000;ORCHIDS;1063;8;1062.0;4.0;1056.0;54.0;1070;8;1071.0;4.0;1077.0;54.0;1066.5;0.0
2;69100;ORCHIDS;1066;10;1065.0;5.0;1059.0;45.0;1073;10;1074.0;5.0;1080.0;45.0;1069.5;0.0
2;69200;ORCHIDS;1064;10;1063.0;4.0;1058.0;54.0;1071;10;1072.0;4.0;1078.0;54.0;1068.0;0.0
2;69300;ORCHIDS;1064;9;1063.0;3.0;1057.0;54.0;1071;9;1072.0;3.0;1078.0;54.0;1067.5;0.0
2;69400;ORCHIDS;1062;7;1061.0;3.0;1055.0;55.0;1069;7;1070.0;3.0;1076.0;55.0;1065.5;0.0
2;69500;ORCHIDS;1062;10;1061.0;2.0;1055.0;52.0;1069;10;1070.0;2.0;1076.0;52.0;1065.5;0.0
2;69600;ORCHIDS;1063;10;1062.0;3.0;1056.0;53.0;1070;10;1071.0;3.0;1077.0;53.0;1066.5;0.0
2;69700;ORCHIDS;1062;10;1061.0;3.0;1056.0;47.0;1069;10;1070.0;3.0;1076.0;47.0;1066.0;0.0
2;69800;ORCHIDS;1062;6;1061.0;2.0;1056.0;39.0;1069;6;1070.0;2.0;1076.0;39.0;1066.0;0.0
2;69900;ORCHIDS;1059;9;1058.0;5.0;1053.0;50.0;1066;9;1067.0;5.0;1073.0;50.0;1063.0;0.0
2;70000;ORCHIDS;1059;5;1058.0;5.0;1052.0;50.0;1066;5;1067.0;5.0;1073.0;50.0;1062.5;0.0
2;70100;ORCHIDS;1059;9;1058.0;4.0;1052.0;52.0;1066;9;1067.0;4.0;1073.0;52.0;1062.5;0.0
2;70200;ORCHIDS;1059;10;1058.0;3.0;1052.0;55.0;1066;10;1067.0;3.0;1073.0;55.0;1062.5;0.0
2;70300;ORCHIDS;1060;6;1059.0;4.0;1054.0;51.0;1067;6;1068.0;4.0;1074.0;51.0;1064.0;0.0
2;70400;ORCHIDS;1061;5;1060.0;4.0;1054.0;46.0;1067;5;1068.0;4.0;1075.0;46.0;1064.5;0.0
2;70500;ORCHIDS;1060;6;1059.0;3.0;1053.0;50.0;1064;8;1067.0;6.0;1068.0;3.0;1058.5;0.0
2;70600;ORCHIDS;1060;5;1059.0;3.0;1053.0;49.0;1067;5;1068.0;3.0;1074.0;49.0;1063.5;0.0
2;70700;ORCHIDS;1060;8;1059.0;2.0;1054.0;45.0;1067;8;1068.0;2.0;1074.0;45.0;1064.0;0.0
2;70800;ORCHIDS;1060;7;1059.0;2.0;1054.0;50.0;1067;7;1068.0;2.0;1074.0;50.0;1064.0;0.0
2;70900;ORCHIDS;1061;6;1060.0;2.0;1054.0;41.0;1067;6;1068.0;2.0;1075.0;41.0;1064.5;0.0
2;71000;ORCHIDS;1061;7;1060.0;5.0;1054.0;56.0;1068;7;1069.0;5.0;1075.0;56.0;1064.5;0.0
2;71100;ORCHIDS;1059;9;1058.0;3.0;1053.0;54.0;1066;9;1067.0;3.0;1073.0;54.0;1063.0;0.0
2;71200;ORCHIDS;1057;8;1056.0;4.0;1051.0;51.0;1064;8;1065.0;4.0;1071.0;51.0;1061.0;0.0
2;71300;ORCHIDS;1057;6;1056.0;5.0;1050.0;51.0;1061;6;1064.0;6.0;1065.0;5.0;1055.5;0.0
2;71400;ORCHIDS;1056;8;1055.0;2.0;1049.0;56.0;1063;8;1064.0;2.0;1070.0;56.0;1059.5;0.0
2;71500;ORCHIDS;1060;8;1057.0;5.0;1056.0;5.0;1064;5;1065.0;5.0;1071.0;53.0;1065.5;0.0
2;71600;ORCHIDS;1055;7;1054.0;5.0;1049.0;53.0;1062;7;1063.0;5.0;1069.0;53.0;1059.0;0.0
2;71700;ORCHIDS;1056;5;1055.0;4.0;1050.0;37.0;1063;5;1064.0;4.0;1070.0;37.0;1060.0;0.0
2;71800;ORCHIDS;1056;9;1055.0;3.0;1050.0;58.0;1063;9;1064.0;3.0;1070.0;58.0;1060.0;0.0
2;71900;ORCHIDS;1057;8;1056.0;3.0;1050.0;49.0;1063;8;1064.0;3.0;1071.0;49.0;1060.5;0.0
2;72000;ORCHIDS;1055;5;1054.0;2.0;1049.0;41.0;1062;5;1063.0;2.0;1069.0;41.0;1059.0;0.0
2;72100;ORCHIDS;1055;7;1054.0;2.0;1048.0;47.0;1062;7;1063.0;2.0;1069.0;47.0;1058.5;0.0
2;72200;ORCHIDS;1054;6;1053.0;2.0;1048.0;48.0;1061;6;1062.0;2.0;1068.0;48.0;1058.0;0.0
2;72300;ORCHIDS;1053;5;1052.0;4.0;1046.0;50.0;1057;10;1060.0;5.0;1061.0;4.0;1051.5;0.0
2;72400;ORCHIDS;1053;10;1052.0;2.0;1047.0;49.0;1057;10;1060.0;10.0;1061.0;2.0;1052.0;0.0
2;72500;ORCHIDS;1054;9;1053.0;5.0;1048.0;51.0;1061;9;1062.0;5.0;1068.0;51.0;1058.0;0.0
2;72600;ORCHIDS;1054;7;1053.0;5.0;1047.0;45.0;1061;7;1062.0;5.0;1068.0;45.0;1057.5;0.0
2;72700;ORCHIDS;1052;8;1051.0;4.0;1046.0;51.0;1059;8;1060.0;4.0;1066.0;51.0;1056.0;0.0
2;72800;ORCHIDS;1053;7;1052.0;5.0;1046.0;49.0;1059;7;1060.0;5.0;1067.0;49.0;1056.5;0.0
2;72900;ORCHIDS;1052;6;1051.0;2.0;1046.0;54.0;1059;6;1060.0;2.0;1066.0;54.0;1056.0;0.0
2;73000;ORCHIDS;1051;7;1050.0;4.0;1044.0;44.0;1058;7;1059.0;4.0;1065.0;44.0;1054.5;0.0
2;73100;ORCHIDS;1049;8;1048.0;5.0;1043.0;54.0;1056;8;1057.0;5.0;1063.0;54.0;1053.0;0.0
2;73200;ORCHIDS;1047;8;1046.0;4.0;1041.0;56.0;1054;8;1055.0;4.0;1061.0;56.0;1051.0;0.0
2;73300;ORCHIDS;1046;9;1045.0;3.0;1039.0;42.0;1053;9;1054.0;3.0;1060.0;42.0;1049.5;0.0
2;73400;ORCHIDS;1047;8;1046.0;4.0;1040.0;58.0;1054;8;1055.0;4.0;1061.0;58.0;1050.5;0.0
2;73500;ORCHIDS;1047;5;1046.0;4.0;1040.0;44.0;1054;5;1055.0;4.0;1061.0;44.0;1050.5;0.0
2;73600;ORCHIDS;1048;8;1047.0;4.0;1041.0;50.0;1055;8;1056.0;4.0;1062.0;50.0;1051.5;0.0
2;73700;ORCHIDS;1049;10;1048.0;2.0;1043.0;47.0;1056;10;1057.0;2.0;1063.0;47.0;1053.0;0.0
2;73800;ORCHIDS;1051;7;1050.0;2.0;1044.0;55.0;1058;7;1059.0;2.0;1065.0;55.0;1054.5;0.0
2;73900;ORCHIDS;1051;7;1050.0;2.0;1044.0;50.0;1058;7;1059.0;2.0;1065.0;50.0;1054.5;0.0
2;74000;ORCHIDS;1052;10;1051.0;3.0;1045.0;45.0;1059;10;1060.0;3.0;1066.0;45.0;1055.5;0.0
2;74100;ORCHIDS;1052;8;1051.0;4.0;1046.0;50.0;1059;8;1060.0;4.0;1066.0;50.0;1056.0;0.0
2;74200;ORCHIDS;1053;8;1052.0;5.0;1047.0;50.0;1060;8;1061.0;5.0;1067.0;50.0;1057.0;0.0
2;74300;ORCHIDS;1054;9;1053.0;4.0;1047.0;56.0;1060;9;1061.0;4.0;1068.0;56.0;1057.5;0.0
2;74400;ORCHIDS;1053;10;1052.0;2.0;1046.0;50.0;1060;10;1061.0;2.0;1067.0;50.0;1056.5;0.0
2;74500;ORCHIDS;1052;5;1051.0;3.0;1046.0;46.0;1059;5;1060.0;3.0;1066.0;46.0;1056.0;0.0
2;74600;ORCHIDS;1049;8;1048.0;4.0;1042.0;48.0;1051;3;1056.0;8.0;1057.0;4.0;1049.0;0.0
2;74700;ORCHIDS;1050;10;1049.0;3.0;1043.0;53.0;1057;10;1058.0;3.0;1064.0;53.0;1053.5;0.0
2;74800;ORCHIDS;1047;6;1046.0;5.0;1040.0;37.0;1054;6;1055.0;5.0;1061.0;37.0;1050.5;0.0
2;74900;ORCHIDS;1045;8;1044.0;5.0;1039.0;47.0;1052;8;1053.0;5.0;1059.0;47.0;1049.0;0.0
2;75000;ORCHIDS;1047;10;1046.0;4.0;1041.0;57.0;1054;10;1055.0;4.0;1061.0;57.0;1051.0;0.0
2;75100;ORCHIDS;1047;9;1046.0;3.0;1040.0;43.0;1054;9;1055.0;3.0;1061.0;43.0;1050.5;0.0
2;75200;ORCHIDS;1046;10;1045.0;3.0;1040.0;46.0;1053;10;1054.0;3.0;1060.0;46.0;1050.0;0.0
2;75300;ORCHIDS;1044;5;1043.0;2.0;1038.0;49.0;1051;5;1052.0;2.0;1058.0;49.0;1048.0;0.0
2;75400;ORCHIDS;1044;5;1043.0;2.0;1037.0;51.0;1051;5;1052.0;2.0;1058.0;51.0;1047.5;0.0
2;75500;ORCHIDS;1043;7;1042.0;3.0;1037.0;48.0;1050;7;1051.0;3.0;1057.0;48.0;1047.0;0.0
2;75600;ORCHIDS;1044;5;1043.0;2.0;1037.0;55.0;1050;5;1051.0;2.0;1058.0;55.0;1047.5;0.0
2;75700;ORCHIDS;1041;10;1040.0;2.0;1035.0;42.0;1048;10;1049.0;2.0;1055.0;42.0;1045.0;0.0
2;75800;ORCHIDS;1040;10;1039.0;3.0;1034.0;53.0;1047;10;1048.0;3.0;1054.0;53.0;1044.0;0.0
2;75900;ORCHIDS;1042;6;1041.0;5.0;1035.0;51.0;1049;6;1050.0;5.0;1056.0;51.0;1045.5;0.0
2;76000;ORCHIDS;1043;5;1042.0;5.0;1036.0;50.0;1050;5;1051.0;5.0;1057.0;50.0;1046.5;0.0
2;76100;ORCHIDS;1043;10;1042.0;2.0;1036.0;51.0;1050;10;1051.0;2.0;1057.0;51.0;1046.5;0.0
2;76200;ORCHIDS;1045;6;1042.0;9.0;1041.0;3.0;1049;9;1050.0;3.0;1056.0;53.0;1049.0;0.0
2;76300;ORCHIDS;1042;7;1041.0;4.0;1036.0;41.0;1049;7;1050.0;4.0;1056.0;41.0;1046.0;0.0
2;76400;ORCHIDS;1042;8;1041.0;3.0;1035.0;42.0;1049;8;1050.0;3.0;1056.0;42.0;1045.5;0.0
2;76500;ORCHIDS;1042;9;1041.0;3.0;1035.0;52.0;1049;9;1050.0;3.0;1056.0;52.0;1045.5;0.0
2;76600;ORCHIDS;1042;6;1041.0;2.0;1035.0;49.0;1049;6;1050.0;2.0;1056.0;49.0;1045.5;0.0
2;76700;ORCHIDS;1043;7;1042.0;2.0;1036.0;50.0;1050;7;1051.0;2.0;1057.0;50.0;1046.5;0.0
2;76800;ORCHIDS;1043;10;1042.0;4.0;1036.0;49.0;1050;10;1051.0;4.0;1057.0;49.0;1046.5;0.0
2;76900;ORCHIDS;1043;7;1042.0;5.0;1037.0;40.0;1050;7;1051.0;5.0;1057.0;40.0;1047.0;0.0
2;77000;ORCHIDS;1045;8;1044.0;5.0;1039.0;40.0;1052;8;1053.0;5.0;1059.0;40.0;1049.0;0.0
2;77100;ORCHIDS;1046;10;1045.0;2.0;1039.0;41.0;1053;10;1054.0;2.0;1060.0;41.0;1049.5;0.0
2;77200;ORCHIDS;1045;5;1044.0;2.0;1038.0;44.0;1052;5;1053.0;2.0;1059.0;44.0;1048.5;0.0
2;77300;ORCHIDS;1045;8;1044.0;3.0;1039.0;56.0;1052;8;1053.0;3.0;1059.0;56.0;1049.0;0.0
2;77400;ORCHIDS;1044;5;1043.0;2.0;1038.0;47.0;1051;5;1052.0;2.0;1058.0;47.0;1048.0;0.0
2;77500;ORCHIDS;1044;8;1043.0;5.0;1037.0;47.0;1051;8;1052.0;5.0;1058.0;47.0;1047.5;0.0
2;77600;ORCHIDS;1043;8;1042.0;3.0;1036.0;56.0;1050;8;1051.0;3.0;1057.0;56.0;1046.5;0.0
2;77700;ORCHIDS;1042;8;1041.0;3.0;1035.0;42.0;1049;8;1050.0;3.0;1056.0;42.0;1045.5;0.0
2;77800;ORCHIDS;1040;6;1039.0;2.0;1034.0;46.0;1047;6;1048.0;2.0;1054.0;46.0;1044.0;0.0
2;77900;ORCHIDS;1041;5;1040.0;3.0;1034.0;43.0;1047;5;1048.0;3.0;1055.0;43.0;1044.5;0.0
2;78000;ORCHIDS;1040;6;1039.0;4.0;1034.0;54.0;1047;6;1048.0;4.0;1054.0;54.0;1044.0;0.0
2;78100;ORCHIDS;1040;10;1039.0;3.0;1034.0;49.0;1047;10;1048.0;3.0;1054.0;49.0;1044.0;0.0
2;78200;ORCHIDS;1041;6;1040.0;3.0;1035.0;39.0;1048;6;1049.0;3.0;1055.0;39.0;1045.0;0.0
2;78300;ORCHIDS;1041;5;1040.0;5.0;1034.0;45.0;1048;5;1049.0;5.0;1055.0;45.0;1044.5;0.0
2;78400;ORCHIDS;1043;8;1042.0;4.0;1036.0;49.0;1050;8;1051.0;4.0;1057.0;49.0;1046.5;0.0
2;78500;ORCHIDS;1042;5;1041.0;4.0;1036.0;52.0;1049;5;1050.0;4.0;1056.0;52.0;1046.0;0.0
2;78600;ORCHIDS;1042;9;1041.0;4.0;1035.0;41.0;1049;9;1050.0;4.0;1056.0;41.0;1045.5;0.0
2;78700;ORCHIDS;1043;7;1042.0;2.0;1036.0;48.0;1050;7;1051.0;2.0;1057.0;48.0;1046.5;0.0
2;78800;ORCHIDS;1042;5;1041.0;2.0;1035.0;51.0;1049;5;1050.0;2.0;1056.0;51.0;1045.5;0.0
2;78900;ORCHIDS;1041;5;1040.0;4.0;1035.0;49.0;1048;5;1049.0;4.0;1055.0;49.0;1045.0;0.0
2;79000;ORCHIDS;1041;9;1040.0;4.0;1034.0;54.0;1048;9;1049.0;4.0;1055.0;54.0;1044.5;0.0
2;79100;ORCHIDS;1041;5;1040.0;3.0;1034.0;47.0;1048;5;1049.0;3.0;1055.0;47.0;1044.5;0.0
2;79200;ORCHIDS;1040;5;1039.0;4.0;1033.0;45.0;1047;5;1048.0;4.0;1054.0;45.0;1043.5;0.0
2;79300;ORCHIDS;1040;9;1039.0;2.0;1033.0;49.0;1047;9;1048.0;2.0;1054.0;49.0;1043.5;0.0
2;79400;ORCHIDS;1038;10;1037.0;3.0;1031.0;53.0;1045;10;1046.0;3.0;1052.0;53.0;1041.5;0.0
2;79500;ORCHIDS;1039;6;1038.0;3.0;1032.0;44.0;1046;6;1047.0;3.0;1053.0;44.0;1042.5;0.0
2;79600;ORCHIDS;1040;7;1039.0;5.0;1034.0;47.0;1047;7;1048.0;5.0;1054.0;47.0;1044.0;0.0
2;79700;ORCHIDS;1041;10;1040.0;2.0;1035.0;51.0;1048;10;1049.0;2.0;1055.0;51.0;1045.0;0.0
2;79800;ORCHIDS;1039;6;1038.0;3.0;1033.0;44.0;1046;6;1047.0;3.0;1053.0;44.0;1043.0;0.0
2;79900;ORCHIDS;1040;5;1039.0;2.0;1033.0;45.0;1044;7;1047.0;5.0;1048.0;2.0;1038.5;0.0
2;80000;ORCHIDS;1041;5;1040.0;4.0;1035.0;46.0;1048;5;1049.0;4.0;1055.0;46.0;1045.0;0.0
2;80100;ORCHIDS;1043;8;1042.0;2.0;1036.0;53.0;1050;8;1051.0;2.0;1057.0;53.0;1046.5;0.0
2;80200;ORCHIDS;1042;8;1041.0;2.0;1035.0;46.0;1049;8;1050.0;2.0;1056.0;46.0;1045.5;0.0
2;80300;ORCHIDS;1041;10;1040.0;5.0;1034.0;52.0;1048;10;1049.0;5.0;1055.0;52.0;1044.5;0.0
2;80400;ORCHIDS;1041;9;1040.0;2.0;1034.0;57.0;1048;9;1049.0;2.0;1055.0;57.0;1044.5;0.0
2;80500;ORCHIDS;1044;6;1043.0;5.0;1037.0;40.0;1051;6;1052.0;5.0;1058.0;40.0;1047.5;0.0
2;80600;ORCHIDS;1044;8;1043.0;5.0;1037.0;40.0;1051;8;1052.0;5.0;1058.0;40.0;1047.5;0.0
2;80700;ORCHIDS;1042;10;1041.0;2.0;1035.0;55.0;1049;10;1050.0;2.0;1056.0;55.0;1045.5;0.0
2;80800;ORCHIDS;1042;7;1041.0;5.0;1035.0;51.0;1049;7;1050.0;5.0;1056.0;51.0;1045.5;0.0
2;80900;ORCHIDS;1042;6;1041.0;3.0;1035.0;55.0;1049;6;1050.0;3.0;1056.0;55.0;1045.5;0.0
2;81000;ORCHIDS;1042;9;1041.0;5.0;1035.0;50.0;1049;9;1050.0;5.0;1056.0;50.0;1045.5;0.0
2;81100;ORCHIDS;1043;10;1042.0;4.0;1036.0;58.0;1050;10;1051.0;4.0;1057.0;58.0;1046.5;0.0
2;81200;ORCHIDS;1043;8;1042.0;2.0;1036.0;47.0;1050;8;1051.0;2.0;1057.0;47.0;1046.5;0.0
2;81300;ORCHIDS;1044;6;1043.0;4.0;1037.0;46.0;1051;6;1052.0;4.0;1058.0;46.0;1047.5;0.0
2;81400;ORCHIDS;1045;7;1044.0;3.0;1038.0;44.0;1052;7;1053.0;3.0;1059.0;44.0;1048.5;0.0
2;81500;ORCHIDS;1045;10;1044.0;2.0;1038.0;52.0;1052;10;1053.0;2.0;1059.0;52.0;1048.5;0.0
2;81600;ORCHIDS;1045;10;1044.0;5.0;1038.0;53.0;1052;10;1053.0;5.0;1059.0;53.0;1048.5;0.0
2;81700;ORCHIDS;1046;9;1043.0;9.0;1042.0;2.0;1050;9;1051.0;2.0;1057.0;49.0;1051.5;0.0
2;81800;ORCHIDS;1044;9;1043.0;2.0;1037.0;44.0;1051;9;1052.0;2.0;1058.0;44.0;1047.5;0.0
2;81900;ORCHIDS;1044;8;1043.0;3.0;1037.0;42.0;1051;8;1052.0;3.0;1058.0;42.0;1047.5;0.0
2;82000;ORCHIDS;1046;9;1045.0;3.0;1039.0;53.0;1053;9;1054.0;3.0;1060.0;53.0;1049.5;0.0
2;82100;ORCHIDS;1046;7;1045.0;5.0;1039.0;49.0;1050;5;1053.0;7.0;1054.0;5.0;1046.0;0.0
2;82200;ORCHIDS;1045;5;1044.0;4.0;1038.0;38.0;1053;5;1054.0;4.0;1060.0;38.0;1049.0;0.0
2;82300;ORCHIDS;1045;7;1044.0;2.0;1038.0;38.0;1053;7;1054.0;2.0;1060.0;38.0;1049.0;0.0
2;82400;ORCHIDS;1048;10;1047.0;4.0;1041.0;42.0;1055;10;1056.0;4.0;1062.0;42.0;1051.5;0.0
2;82500;ORCHIDS;1050;9;1049.0;4.0;1043.0;56.0;1057;9;1058.0;4.0;1064.0;56.0;1053.5;0.0
2;82600;ORCHIDS;1050;8;1049.0;3.0;1043.0;51.0;1057;8;1058.0;3.0;1064.0;51.0;1053.5;0.0
2;82700;ORCHIDS;1047;8;1046.0;4.0;1040.0;51.0;1054;8;1055.0;4.0;1061.0;51.0;1050.5;0.0
2;82800;ORCHIDS;1049;6;1048.0;5.0;1042.0;38.0;1056;6;1057.0;5.0;1063.0;38.0;1052.5;0.0
2;82900;ORCHIDS;1049;6;1048.0;2.0;1042.0;41.0;1056;6;1057.0;2.0;1063.0;41.0;1052.5;0.0
2;83000;ORCHIDS;1048;9;1047.0;4.0;1041.0;50.0;1055;9;1056.0;4.0;1062.0;50.0;1051.5;0.0
2;83100;ORCHIDS;1048;5;1047.0;5.0;1041.0;41.0;1055;5;1056.0;5.0;1062.0;41.0;1051.5;0.0
2;83200;ORCHIDS;1044;6;1043.0;4.0;1037.0;41.0;1051;6;1052.0;4.0;1058.0;41.0;1047.5;0.0
2;83300;ORCHIDS;1043;5;1042.0;2.0;1036.0;47.0;1050;5;1051.0;2.0;1057.0;47.0;1046.5;0.0
2;83400;ORCHIDS;1041;9;1040.0;5.0;1034.0;47.0;1048;9;1049.0;5.0;1055.0;47.0;1044.5;0.0
2;83500;ORCHIDS;1043;5;1042.0;3.0;1036.0;44.0;1050;5;1051.0;3.0;1057.0;44.0;1046.5;0.0
2;83600;ORCHIDS;1045;7;1044.0;3.0;1038.0;47.0;1052;7;1053.0;3.0;1059.0;47.0;1048.5;0.0
2;83700;ORCHIDS;1046;6;1045.0;3.0;1039.0;50.0;1053;6;1054.0;3.0;1060.0;50.0;1049.5;0.0
2;83800;ORCHIDS;1049;9;1046.0;9.0;1045.0;5.0;1053;9;1054.0;5.0;1060.0;56.0;1054.5;0.0
2;83900;ORCHIDS;1048;5;1047.0;4.0;1041.0;43.0;1055;5;1056.0;4.0;1062.0;43.0;1051.5;0.0
2;84000;ORCHIDS;1047;8;1046.0;2.0;1040.0;45.0;1054;8;1055.0;2.0;1061.0;45.0;1050.5;0.0
2;84100;ORCHIDS;1048;5;1047.0;4.0;1041.0;47.0;1055;5;1056.0;4.0;1062.0;47.0;1051.5;0.0
2;84200;ORCHIDS;1049;10;1046.0;10.0;1045.0;5.0;1053;10;1054.0;5.0;1060.0;51.0;1054.5;0.0
2;84300;ORCHIDS;1046;9;1043.0;9.0;1042.0;3.0;1050;9;1051.0;3.0;1057.0;51.0;1051.5;0.0
2;84400;ORCHIDS;1043;5;1042.0;3.0;1036.0;44.0;1050;5;1051.0;3.0;1057.0;44.0;1046.5;0.0
2;84500;ORCHIDS;1043;6;1042.0;2.0;1036.0;50.0;1050;6;1051.0;2.0;1057.0;50.0;1046.5;0.0
2;84600;ORCHIDS;1043;6;1042.0;4.0;1036.0;54.0;1047;6;1050.0;6.0;1051.0;4.0;1041.5;0.0
2;84700;ORCHIDS;1043;6;1042.0;5.0;1036.0;37.0;1050;6;1051.0;5.0;1057.0;37.0;1046.5;0.0
2;84800;ORCHIDS;1042;8;1041.0;3.0;1035.0;43.0;1049;8;1050.0;3.0;1056.0;43.0;1045.5;0.0
2;84900;ORCHIDS;1043;7;1042.0;2.0;1036.0;42.0;1050;7;1051.0;2.0;1057.0;42.0;1046.5;0.0
2;85000;ORCHIDS;1044;8;1043.0;5.0;1037.0;51.0;1051;8;1052.0;5.0;1058.0;51.0;1047.5;0.0
2;85100;ORCHIDS;1044;7;1043.0;4.0;1037.0;42.0;1051;7;1052.0;4.0;1058.0;42.0;1047.5;0.0
2;85200;ORCHIDS;1043;9;1042.0;5.0;1036.0;42.0;1050;9;1051.0;5.0;1057.0;42.0;1046.5;0.0
2;85300;ORCHIDS;1044;9;1043.0;2.0;1037.0;50.0;1051;9;1052.0;2.0;1058.0;50.0;1047.5;0.0
2;85400;ORCHIDS;1044;6;1043.0;4.0;1037.0;38.0;1051;6;1052.0;4.0;1058.0;38.0;1047.5;0.0
2;85500;ORCHIDS;1044;6;1043.0;4.0;1037.0;52.0;1051;6;1052.0;4.0;1058.0;52.0;1047.5;0.0
2;85600;ORCHIDS;1043;6;1042.0;3.0;1036.0;49.0;1050;6;1051.0;3.0;1057.0;49.0;1046.5;0.0
2;85700;ORCHIDS;1045;7;1044.0;2.0;1038.0;46.0;1052;7;1053.0;2.0;1059.0;46.0;1048.5;0.0
2;85800;ORCHIDS;1044;8;1043.0;4.0;1037.0;46.0;1051;8;1052.0;4.0;1058.0;46.0;1047.5;0.0
2;85900;ORCHIDS;1043;8;1042.0;2.0;1036.0;48.0;1050;8;1051.0;2.0;1057.0;48.0;1046.5;0.0
2;86000;ORCHIDS;1042;9;1041.0;5.0;1035.0;48.0;1049;9;1050.0;5.0;1056.0;48.0;1045.5;0.0
2;86100;ORCHIDS;1043;6;1042.0;4.0;1036.0;44.0;1050;6;1051.0;4.0;1057.0;44.0;1046.5;0.0
2;86200;ORCHIDS;1046;7;1045.0;4.0;1039.0;45.0;1053;7;1054.0;4.0;1060.0;45.0;1049.5;0.0
2;86300;ORCHIDS;1046;9;1045.0;2.0;1039.0;44.0;1053;9;1054.0;2.0;1060.0;44.0;1049.5;0.0
2;86400;ORCHIDS;1047;7;1046.0;5.0;1040.0;40.0;1054;7;1055.0;5.0;1061.0;40.0;1050.5;0.0
2;86500;ORCHIDS;1049;10;1046.0;9.0;1045.0;4.0;1053;9;1054.0;4.0;1060.0;48.0;1054.5;0.0
2;86600;ORCHIDS;1046;10;1045.0;3.0;1039.0;48.0;1053;10;1054.0;3.0;1060.0;48.0;1049.5;0.0
2;86700;ORCHIDS;1048;7;1047.0;5.0;1041.0;45.0;1055;7;1056.0;5.0;1062.0;45.0;1051.5;0.0
2;86800;ORCHIDS;1047;10;1046.0;4.0;1040.0;58.0;1054;10;1055.0;4.0;1061.0;58.0;1050.5;0.0
2;86900;ORCHIDS;1045;9;1044.0;5.0;1038.0;48.0;1052;9;1053.0;5.0;1059.0;48.0;1048.5;0.0
2;87000;ORCHIDS;1046;6;1045.0;4.0;1039.0;42.0;1053;6;1054.0;4.0;1060.0;42.0;1049.5;0.0
2;87100;ORCHIDS;1047;10;1046.0;5.0;1040.0;48.0;1054;10;1055.0;5.0;1061.0;48.0;1050.5;0.0
2;87200;ORCHIDS;1046;9;1045.0;4.0;1039.0;46.0;1053;9;1054.0;4.0;1060.0;46.0;1049.5;0.0
2;87300;ORCHIDS;1046;10;1045.0;5.0;1039.0;51.0;1053;10;1054.0;5.0;1060.0;51.0;1049.5;0.0
2;87400;ORCHIDS;1046;9;1045.0;5.0;1039.0;45.0;1053;9;1054.0;5.0;1060.0;45.0;1049.5;0.0
2;87500;ORCHIDS;1044;5;1043.0;2.0;1037.0;45.0;1051;5;1052.0;2.0;1058.0;45.0;1047.5;0.0
2;87600;ORCHIDS;1045;7;1044.0;4.0;1038.0;51.0;1052;7;1053.0;4.0;1059.0;51.0;1048.5;0.0
2;87700;ORCHIDS;1046;6;1045.0;2.0;1039.0;39.0;1053;6;1054.0;2.0;1060.0;39.0;1049.5;0.0
2;87800;ORCHIDS;1045;5;1044.0;3.0;1038.0;46.0;1052;5;1053.0;3.0;1059.0;46.0;1048.5;0.0
2;87900;ORCHIDS;1048;6;1045.0;6.0;1044.0;2.0;1052;6;1053.0;2.0;1059.0;44.0;1053.5;0.0
2;88000;ORCHIDS;1043;9;1042.0;4.0;1036.0;53.0;1050;9;1051.0;4.0;1057.0;53.0;1046.5;0.0
2;88100;ORCHIDS;1043;6;1042.0;5.0;1036.0;41.0;1050;6;1051.0;5.0;1057.0;41.0;1046.5;0.0
2;88200;ORCHIDS;1045;10;1044.0;4.0;1038.0;47.0;1052;10;1053.0;4.0;1059.0;47.0;1048.5;0.0
2;88300;ORCHIDS;1045;9;1044.0;5.0;1038.0;55.0;1052;9;1053.0;5.0;1059.0;55.0;1048.5;0.0
2;88400;ORCHIDS;1047;9;1046.0;5.0;1040.0;46.0;1054;9;1055.0;5.0;1061.0;46.0;1050.5;0.0
2;88500;ORCHIDS;1047;7;1046.0;3.0;1040.0;43.0;1054;7;1055.0;3.0;1061.0;43.0;1050.5;0.0
2;88600;ORCHIDS;1047;6;1046.0;4.0;1040.0;45.0;1054;6;1055.0;4.0;1061.0;45.0;1050.5;0.0
2;88700;ORCHIDS;1046;5;1045.0;3.0;1039.0;42.0;1050;8;1053.0;5.0;1054.0;3.0;1044.5;0.0
2;88800;ORCHIDS;1046;5;1045.0;3.0;1039.0;37.0;1053;5;1054.0;3.0;1060.0;37.0;1049.5;0.0
2;88900;ORCHIDS;1046;8;1045.0;5.0;1039.0;46.0;1053;8;1054.0;5.0;1060.0;46.0;1049.5;0.0
2;89000;ORCHIDS;1047;6;1046.0;5.0;1040.0;42.0;1054;6;1055.0;5.0;1061.0;42.0;1050.5;0.0
2;89100;ORCHIDS;1049;7;1048.0;5.0;1042.0;52.0;1056;7;1057.0;5.0;1063.0;52.0;1052.5;0.0
2;89200;ORCHIDS;1049;10;1048.0;4.0;1042.0;53.0;1056;10;1057.0;4.0;1063.0;53.0;1052.5;0.0
2;89300;ORCHIDS;1049;9;1048.0;5.0;1042.0;49.0;1056;9;1057.0;5.0;1063.0;49.0;1052.5;0.0
2;89400;ORCHIDS;1049;10;1048.0;4.0;1042.0;46.0;1057;10;1058.0;4.0;1064.0;46.0;1053.0;0.0
2;89500;ORCHIDS;1048;9;1047.0;5.0;1041.0;54.0;1055;9;1056.0;5.0;1062.0;54.0;1051.5;0.0
2;89600;ORCHIDS;1048;9;1047.0;5.0;1041.0;49.0;1055;9;1056.0;5.0;1062.0;49.0;1051.5;0.0
2;89700;ORCHIDS;1048;5;1047.0;2.0;1041.0;50.0;1055;5;1056.0;2.0;1062.0;50.0;1051.5;0.0
2;89800;ORCHIDS;1046;5;1045.0;4.0;1039.0;47.0;1053;5;1054.0;4.0;1060.0;47.0;1049.5;0.0
2;89900;ORCHIDS;1048;9;1047.0;5.0;1041.0;48.0;1055;9;1056.0;5.0;1062.0;48.0;1051.5;0.0
2;90000;ORCHIDS;1050;7;1049.0;3.0;1043.0;43.0;1057;7;1058.0;3.0;1064.0;43.0;1053.5;0.0
2;90100;ORCHIDS;1053;8;1050.0;5.0;1049.0;3.0;1057;5;1058.0;3.0;1064.0;35.0;1058.5;0.0
2;90200;ORCHIDS;1048;5;1047.0;2.0;1041.0;47.0;1055;5;1056.0;2.0;1062.0;47.0;1051.5;0.0
2;90300;ORCHIDS;1048;9;1047.0;4.0;1041.0;50.0;1055;9;1056.0;4.0;1062.0;50.0;1051.5;0.0
2;90400;ORCHIDS;1046;8;1045.0;5.0;1039.0;43.0;1053;8;1054.0;5.0;1060.0;43.0;1049.5;0.0
2;90500;ORCHIDS;1047;7;1046.0;4.0;1040.0;44.0;1054;7;1055.0;4.0;1061.0;44.0;1050.5;0.0
2;90600;ORCHIDS;1046;9;1045.0;5.0;1039.0;51.0;1053;9;1054.0;5.0;1060.0;51.0;1049.5;0.0
2;90700;ORCHIDS;1046;5;1045.0;3.0;1039.0;44.0;1053;5;1054.0;3.0;1060.0;44.0;1049.5;0.0
2;90800;ORCHIDS;1046;7;1045.0;3.0;1039.0;42.0;1053;7;1054.0;3.0;1060.0;42.0;1049.5;0.0
2;90900;ORCHIDS;1047;8;1046.0;4.0;1040.0;42.0;1054;8;1055.0;4.0;1061.0;42.0;1050.5;0.0
2;91000;ORCHIDS;1049;9;1048.0;4.0;1042.0;48.0;1056;9;1057.0;4.0;1063.0;48.0;1052.5;0.0
2;91100;ORCHIDS;1048;9;1047.0;5.0;1041.0;48.0;1055;9;1056.0;5.0;1062.0;48.0;1051.5;0.0
2;91200;ORCHIDS;1048;5;1047.0;5.0;1041.0;45.0;1055;5;1056.0;5.0;1062.0;45.0;1051.5;0.0
2;91300;ORCHIDS;1050;10;1049.0;3.0;1043.0;46.0;1057;10;1058.0;3.0;1064.0;46.0;1053.5;0.0
2;91400;ORCHIDS;1050;9;1049.0;5.0;1043.0;44.0;1057;9;1058.0;5.0;1064.0;44.0;1053.5;0.0
2;91500;ORCHIDS;1051;8;1050.0;4.0;1044.0;51.0;1058;8;1059.0;4.0;1065.0;51.0;1054.5;0.0
2;91600;ORCHIDS;1051;10;1050.0;5.0;1044.0;54.0;1058;10;1059.0;5.0;1065.0;54.0;1054.5;0.0
2;91700;ORCHIDS;1052;8;1051.0;3.0;1045.0;49.0;1059;8;1060.0;3.0;1066.0;49.0;1055.5;0.0
2;91800;ORCHIDS;1053;9;1052.0;3.0;1046.0;46.0;1060;9;1061.0;3.0;1067.0;46.0;1056.5;0.0
2;91900;ORCHIDS;1053;7;1052.0;3.0;1046.0;45.0;1061;7;1062.0;3.0;1068.0;45.0;1057.0;0.0
2;92000;ORCHIDS;1055;7;1054.0;2.0;1048.0;46.0;1062;7;1063.0;2.0;1069.0;46.0;1058.5;0.0
2;92100;ORCHIDS;1056;9;1055.0;5.0;1049.0;47.0;1063;9;1064.0;5.0;1070.0;47.0;1059.5;0.0
2;92200;ORCHIDS;1056;9;1055.0;3.0;1049.0;52.0;1063;9;1064.0;3.0;1070.0;52.0;1059.5;0.0
2;92300;ORCHIDS;1055;8;1054.0;2.0;1048.0;58.0;1062;8;1063.0;2.0;1069.0;58.0;1058.5;0.0
2;92400;ORCHIDS;1057;6;1056.0;2.0;1050.0;41.0;1064;6;1065.0;2.0;1071.0;41.0;1060.5;0.0
2;92500;ORCHIDS;1056;9;1055.0;2.0;1049.0;51.0;1063;9;1064.0;2.0;1070.0;51.0;1059.5;0.0
2;92600;ORCHIDS;1058;5;1057.0;3.0;1051.0;41.0;1065;5;1066.0;3.0;1072.0;41.0;1061.5;0.0
2;92700;ORCHIDS;1057;10;1056.0;3.0;1050.0;48.0;1065;10;1066.0;3.0;1072.0;48.0;1061.0;0.0
2;92800;ORCHIDS;1057;10;1056.0;5.0;1050.0;49.0;1064;10;1065.0;5.0;1071.0;49.0;1060.5;0.0
2;92900;ORCHIDS;1058;9;1057.0;2.0;1051.0;56.0;1065;9;1066.0;2.0;1072.0;56.0;1061.5;0.0
2;93000;ORCHIDS;1059;9;1058.0;3.0;1052.0;43.0;1066;9;1067.0;3.0;1073.0;43.0;1062.5;0.0
2;93100;ORCHIDS;1060;5;1059.0;2.0;1053.0;49.0;1067;5;1068.0;2.0;1074.0;49.0;1063.5;0.0
2;93200;ORCHIDS;1057;8;1056.0;3.0;1050.0;54.0;1064;8;1065.0;3.0;1071.0;54.0;1060.5;0.0
2;93300;ORCHIDS;1055;8;1054.0;4.0;1048.0;49.0;1062;8;1063.0;4.0;1069.0;49.0;1058.5;0.0
2;93400;ORCHIDS;1055;5;1054.0;4.0;1048.0;49.0;1062;5;1063.0;4.0;1069.0;49.0;1058.5;0.0
2;93500;ORCHIDS;1055;6;1054.0;2.0;1048.0;44.0;1062;6;1063.0;2.0;1069.0;44.0;1058.5;0.0
2;93600;ORCHIDS;1053;5;1052.0;3.0;1046.0;38.0;1060;5;1061.0;3.0;1067.0;38.0;1056.5;0.0
2;93700;ORCHIDS;1054;10;1053.0;3.0;1047.0;47.0;1061;10;1062.0;3.0;1068.0;47.0;1057.5;0.0
2;93800;ORCHIDS;1055;6;1054.0;2.0;1048.0;48.0;1062;6;1063.0;2.0;1069.0;48.0;1058.5;0.0
2;93900;ORCHIDS;1056;8;1055.0;2.0;1049.0;48.0;1063;8;1064.0;2.0;1070.0;48.0;1059.5;0.0
2;94000;ORCHIDS;1058;9;1057.0;2.0;1051.0;50.0;1065;9;1066.0;2.0;1072.0;50.0;1061.5;0.0
2;94100;ORCHIDS;1059;10;1058.0;4.0;1052.0;44.0;1063;5;1066.0;10.0;1067.0;4.0;1059.0;0.0
2;94200;ORCHIDS;1058;7;1057.0;2.0;1051.0;49.0;1065;7;1066.0;2.0;1072.0;49.0;1061.5;0.0
2;94300;ORCHIDS;1057;6;1056.0;3.0;1050.0;48.0;1064;6;1065.0;3.0;1071.0;48.0;1060.5;0.0
2;94400;ORCHIDS;1057;5;1056.0;3.0;1050.0;45.0;1064;5;1065.0;3.0;1071.0;45.0;1060.5;0.0
2;94500;ORCHIDS;1055;6;1054.0;4.0;1048.0;47.0;1059;9;1062.0;6.0;1063.0;4.0;1053.5;0.0
2;94600;ORCHIDS;1055;9;1054.0;4.0;1048.0;45.0;1062;9;1063.0;4.0;1069.0;45.0;1058.5;0.0
2;94700;ORCHIDS;1054;6;1053.0;3.0;1047.0;41.0;1061;6;1062.0;3.0;1068.0;41.0;1057.5;0.0
2;94800;ORCHIDS;1053;9;1052.0;3.0;1046.0;47.0;1060;9;1061.0;3.0;1067.0;47.0;1056.5;0.0
2;94900;ORCHIDS;1051;8;1050.0;4.0;1044.0;42.0;1055;10;1058.0;8.0;1059.0;4.0;1049.5;0.0
2;95000;ORCHIDS;1050;6;1049.0;2.0;1043.0;44.0;1057;6;1058.0;2.0;1064.0;44.0;1053.5;0.0
2;95100;ORCHIDS;1049;5;1048.0;2.0;1042.0;46.0;1056;5;1057.0;2.0;1063.0;46.0;1052.5;0.0
2;95200;ORCHIDS;1055;5;1050.0;5.0;1049.0;3.0;1057;5;1058.0;3.0;1064.0;47.0;1059.5;0.0
2;95300;ORCHIDS;1048;7;1047.0;2.0;1041.0;45.0;1055;7;1056.0;2.0;1062.0;45.0;1051.5;0.0
2;95400;ORCHIDS;1048;6;1047.0;5.0;1041.0;49.0;1055;6;1056.0;5.0;1062.0;49.0;1051.5;0.0
2;95500;ORCHIDS;1047;7;1046.0;4.0;1040.0;52.0;1054;7;1055.0;4.0;1061.0;52.0;1050.5;0.0
2;95600;ORCHIDS;1048;10;1047.0;3.0;1041.0;50.0;1052;9;1055.0;10.0;1056.0;3.0;1048.0;0.0
2;95700;ORCHIDS;1049;10;1048.0;2.0;1042.0;45.0;1056;10;1057.0;2.0;1063.0;45.0;1052.5;0.0
2;95800;ORCHIDS;1050;7;1049.0;3.0;1043.0;38.0;1057;7;1058.0;3.0;1064.0;38.0;1053.5;0.0
2;95900;ORCHIDS;1051;9;1050.0;3.0;1044.0;46.0;1058;9;1059.0;3.0;1065.0;46.0;1054.5;0.0
2;96000;ORCHIDS;1050;9;1049.0;2.0;1043.0;52.0;1058;9;1059.0;2.0;1065.0;52.0;1054.0;0.0
2;96100;ORCHIDS;1051;10;1050.0;5.0;1044.0;53.0;1058;10;1059.0;5.0;1065.0;53.0;1054.5;0.0
2;96200;ORCHIDS;1049;5;1048.0;5.0;1042.0;41.0;1056;5;1057.0;5.0;1063.0;41.0;1052.5;0.0
2;96300;ORCHIDS;1048;9;1047.0;5.0;1041.0;56.0;1055;9;1056.0;5.0;1062.0;56.0;1051.5;0.0
2;96400;ORCHIDS;1049;8;1048.0;4.0;1042.0;48.0;1056;8;1057.0;4.0;1063.0;48.0;1052.5;0.0
2;96500;ORCHIDS;1052;8;1051.0;2.0;1045.0;51.0;1059;8;1060.0;2.0;1066.0;51.0;1055.5;0.0
2;96600;ORCHIDS;1051;9;1050.0;2.0;1044.0;42.0;1053;3;1058.0;9.0;1059.0;2.0;1051.0;0.0
2;96700;ORCHIDS;1052;6;1051.0;5.0;1045.0;37.0;1059;6;1060.0;5.0;1066.0;37.0;1055.5;0.0
2;96800;ORCHIDS;1052;6;1051.0;4.0;1045.0;39.0;1059;6;1060.0;4.0;1066.0;39.0;1055.5;0.0
2;96900;ORCHIDS;1051;6;1050.0;3.0;1044.0;53.0;1058;6;1059.0;3.0;1065.0;53.0;1054.5;0.0
2;97000;ORCHIDS;1051;9;1050.0;4.0;1044.0;48.0;1059;9;1060.0;4.0;1066.0;48.0;1055.0;0.0
2;97100;ORCHIDS;1050;7;1049.0;5.0;1043.0;49.0;1057;7;1058.0;5.0;1064.0;49.0;1053.5;0.0
2;97200;ORCHIDS;1048;6;1047.0;3.0;1041.0;41.0;1055;6;1056.0;3.0;1062.0;41.0;1051.5;0.0
2;97300;ORCHIDS;1046;6;1045.0;5.0;1039.0;51.0;1053;6;1054.0;5.0;1060.0;51.0;1049.5;0.0
2;97400;ORCHIDS;1046;5;1045.0;2.0;1039.0;49.0;1053;5;1054.0;2.0;1060.0;49.0;1049.5;0.0
2;97500;ORCHIDS;1045;6;1044.0;3.0;1038.0;46.0;1052;6;1053.0;3.0;1059.0;46.0;1048.5;0.0
2;97600;ORCHIDS;1043;5;1042.0;4.0;1036.0;43.0;1050;5;1051.0;4.0;1057.0;43.0;1046.5;0.0
2;97700;ORCHIDS;1042;9;1041.0;4.0;1035.0;45.0;1049;9;1050.0;4.0;1056.0;45.0;1045.5;0.0
2;97800;ORCHIDS;1043;6;1042.0;2.0;1036.0;53.0;1050;6;1051.0;2.0;1057.0;53.0;1046.5;0.0
2;97900;ORCHIDS;1045;10;1044.0;5.0;1038.0;49.0;1052;10;1053.0;5.0;1059.0;49.0;1048.5;0.0
2;98000;ORCHIDS;1046;7;1045.0;5.0;1039.0;46.0;1053;7;1054.0;5.0;1060.0;46.0;1049.5;0.0
2;98100;ORCHIDS;1046;7;1045.0;4.0;1039.0;46.0;1053;7;1054.0;4.0;1060.0;46.0;1049.5;0.0
2;98200;ORCHIDS;1046;8;1045.0;5.0;1039.0;50.0;1053;8;1054.0;5.0;1060.0;50.0;1049.5;0.0
2;98300;ORCHIDS;1044;5;1043.0;2.0;1037.0;55.0;1051;5;1052.0;2.0;1058.0;55.0;1047.5;0.0
2;98400;ORCHIDS;1044;6;1043.0;5.0;1037.0;49.0;1052;6;1053.0;5.0;1059.0;49.0;1048.0;0.0
2;98500;ORCHIDS;1044;10;1043.0;4.0;1037.0;48.0;1051;10;1052.0;4.0;1058.0;48.0;1047.5;0.0
2;98600;ORCHIDS;1044;9;1043.0;4.0;1037.0;56.0;1051;9;1052.0;4.0;1058.0;56.0;1047.5;0.0
2;98700;ORCHIDS;1046;9;1045.0;3.0;1039.0;55.0;1053;9;1054.0;3.0;1060.0;55.0;1049.5;0.0
2;98800;ORCHIDS;1047;5;1046.0;3.0;1040.0;47.0;1054;5;1055.0;3.0;1061.0;47.0;1050.5;0.0
2;98900;ORCHIDS;1047;9;1046.0;3.0;1040.0;42.0;1054;9;1055.0;3.0;1061.0;42.0;1050.5;0.0
2;99000;ORCHIDS;1047;6;1046.0;4.0;1040.0;46.0;1049;3;1054.0;6.0;1055.0;4.0;1047.0;0.0
2;99100;ORCHIDS;1047;7;1046.0;5.0;1040.0;51.0;1054;7;1055.0;5.0;1061.0;51.0;1050.5;0.0
2;99200;ORCHIDS;1045;6;1044.0;3.0;1038.0;45.0;1052;6;1053.0;3.0;1059.0;45.0;1048.5;0.0
2;99300;ORCHIDS;1044;6;1043.0;3.0;1037.0;53.0;1051;6;1052.0;3.0;1058.0;53.0;1047.5;0.0
2;99400;ORCHIDS;1045;7;1044.0;5.0;1038.0;52.0;1052;7;1053.0;5.0;1059.0;52.0;1048.5;0.0
2;99500;ORCHIDS;1044;5;1043.0;4.0;1037.0;43.0;1052;5;1053.0;4.0;1059.0;43.0;1048.0;0.0
2;99600;ORCHIDS;1048;7;1047.0;2.0;1041.0;46.0;1055;7;1056.0;2.0;1062.0;46.0;1051.5;0.0
2;99700;ORCHIDS;1048;5;1047.0;3.0;1041.0;48.0;1055;5;1056.0;3.0;1062.0;48.0;1051.5;0.0
2;99800;ORCHIDS;1048;8;1047.0;3.0;1041.0;49.0;1055;8;1056.0;3.0;1062.0;49.0;1051.5;0.0
2;99900;ORCHIDS;1048;7;1047.0;4.0;1041.0;49.0;1055;7;1056.0;4.0;1062.0;49.0;1051.5;0.0
2;100000;ORCHIDS;1046;10;1045.0;3.0;1039.0;46.0;1053;10;1054.0;3.0;1060.0;46.0;1049.5;0.0
2;100100;ORCHIDS;1044;8;1043.0;4.0;1037.0;43.0;1051;8;1052.0;4.0;1058.0;43.0;1047.5;0.0
2;100200;ORCHIDS;1044;9;1043.0;2.0;1037.0;46.0;1051;9;1052.0;2.0;1058.0;46.0;1047.5;0.0
2;100300;ORCHIDS;1046;8;1045.0;2.0;1039.0;54.0;1053;8;1054.0;2.0;1060.0;54.0;1049.5;0.0
2;100400;ORCHIDS;1047;6;1046.0;4.0;1040.0;44.0;1054;6;1055.0;4.0;1061.0;44.0;1050.5;0.0
2;100500;ORCHIDS;1047;6;1046.0;5.0;1040.0;41.0;1054;6;1055.0;5.0;1061.0;41.0;1050.5;0.0
2;100600;ORCHIDS;1047;7;1046.0;3.0;1040.0;45.0;1054;7;1055.0;3.0;1061.0;45.0;1050.5;0.0
2;100700;ORCHIDS;1046;6;1045.0;2.0;1039.0;41.0;1053;6;1054.0;2.0;1060.0;41.0;1049.5;0.0
2;100800;ORCHIDS;1047;10;1046.0;2.0;1040.0;51.0;1054;10;1055.0;2.0;1061.0;51.0;1050.5;0.0
2;100900;ORCHIDS;1046;6;1045.0;2.0;1039.0;49.0;1053;6;1054.0;2.0;1060.0;49.0;1049.5;0.0
2;101000;ORCHIDS;1045;8;1044.0;3.0;1038.0;43.0;1053;8;1054.0;3.0;1060.0;43.0;1049.0;0.0
2;101100;ORCHIDS;1047;5;1046.0;3.0;1040.0;39.0;1054;5;1055.0;3.0;1061.0;39.0;1050.5;0.0
2;101200;ORCHIDS;1048;5;1047.0;5.0;1041.0;54.0;1055;5;1056.0;5.0;1062.0;54.0;1051.5;0.0
2;101300;ORCHIDS;1048;6;1047.0;4.0;1041.0;46.0;1055;6;1056.0;4.0;1062.0;46.0;1051.5;0.0
2;101400;ORCHIDS;1045;9;1044.0;3.0;1038.0;42.0;1052;9;1053.0;3.0;1059.0;42.0;1048.5;0.0
2;101500;ORCHIDS;1044;6;1043.0;3.0;1037.0;41.0;1051;6;1052.0;3.0;1058.0;41.0;1047.5;0.0
2;101600;ORCHIDS;1043;10;1042.0;2.0;1036.0;47.0;1050;10;1051.0;2.0;1057.0;47.0;1046.5;0.0
2;101700;ORCHIDS;1042;9;1041.0;2.0;1035.0;47.0;1049;9;1050.0;2.0;1056.0;47.0;1045.5;0.0
2;101800;ORCHIDS;1042;7;1041.0;3.0;1035.0;49.0;1049;7;1050.0;3.0;1056.0;49.0;1045.5;0.0
2;101900;ORCHIDS;1041;8;1040.0;4.0;1034.0;49.0;1048;8;1049.0;4.0;1055.0;49.0;1044.5;0.0
2;102000;ORCHIDS;1039;6;1038.0;2.0;1032.0;50.0;1046;6;1047.0;2.0;1053.0;50.0;1042.5;0.0
2;102100;ORCHIDS;1039;10;1038.0;3.0;1032.0;51.0;1047;10;1048.0;3.0;1054.0;51.0;1043.0;0.0
2;102200;ORCHIDS;1039;8;1038.0;4.0;1032.0;48.0;1046;8;1047.0;4.0;1053.0;48.0;1042.5;0.0
2;102300;ORCHIDS;1040;8;1039.0;2.0;1033.0;48.0;1044;7;1047.0;8.0;1048.0;2.0;1040.0;0.0
2;102400;ORCHIDS;1038;6;1037.0;3.0;1031.0;41.0;1045;6;1046.0;3.0;1052.0;41.0;1041.5;0.0
2;102500;ORCHIDS;1037;7;1036.0;4.0;1030.0;48.0;1044;7;1045.0;4.0;1051.0;48.0;1040.5;0.0
2;102600;ORCHIDS;1035;5;1034.0;4.0;1028.0;51.0;1042;5;1043.0;4.0;1049.0;51.0;1038.5;0.0
2;102700;ORCHIDS;1038;9;1037.0;2.0;1031.0;41.0;1045;9;1046.0;2.0;1052.0;41.0;1041.5;0.0
2;102800;ORCHIDS;1037;8;1036.0;2.0;1030.0;41.0;1044;8;1045.0;2.0;1051.0;41.0;1040.5;0.0
2;102900;ORCHIDS;1035;7;1034.0;4.0;1028.0;44.0;1042;7;1043.0;4.0;1049.0;44.0;1038.5;0.0
2;103000;ORCHIDS;1033;6;1032.0;4.0;1026.0;46.0;1040;6;1041.0;4.0;1047.0;46.0;1036.5;0.0
2;103100;ORCHIDS;1030;5;1029.0;3.0;1023.0;48.0;1037;5;1038.0;3.0;1044.0;48.0;1033.5;0.0
2;103200;ORCHIDS;1030;9;1029.0;4.0;1023.0;48.0;1037;9;1038.0;4.0;1044.0;48.0;1033.5;0.0
2;103300;ORCHIDS;1029;10;1028.0;2.0;1022.0;42.0;1036;10;1037.0;2.0;1043.0;42.0;1032.5;0.0
2;103400;ORCHIDS;1029;8;1028.0;5.0;1022.0;45.0;1036;8;1037.0;5.0;1043.0;45.0;1032.5;0.0
2;103500;ORCHIDS;1029;8;1028.0;4.0;1022.0;49.0;1036;8;1037.0;4.0;1043.0;49.0;1032.5;0.0
2;103600;ORCHIDS;1031;8;1030.0;4.0;1024.0;42.0;1038;8;1039.0;4.0;1045.0;42.0;1034.5;0.0
2;103700;ORCHIDS;1031;5;1030.0;2.0;1024.0;49.0;1038;5;1039.0;2.0;1045.0;49.0;1034.5;0.0
2;103800;ORCHIDS;1030;7;1029.0;2.0;1023.0;47.0;1037;7;1038.0;2.0;1044.0;47.0;1033.5;0.0
2;103900;ORCHIDS;1030;7;1029.0;3.0;1023.0;56.0;1037;7;1038.0;3.0;1044.0;56.0;1033.5;0.0
2;104000;ORCHIDS;1029;5;1028.0;3.0;1022.0;49.0;1037;5;1038.0;3.0;1044.0;49.0;1033.0;0.0
2;104100;ORCHIDS;1031;9;1030.0;3.0;1024.0;56.0;1038;9;1039.0;3.0;1045.0;56.0;1034.5;0.0
2;104200;ORCHIDS;1030;8;1029.0;2.0;1023.0;54.0;1037;8;1038.0;2.0;1044.0;54.0;1033.5;0.0
2;104300;ORCHIDS;1032;6;1031.0;4.0;1025.0;46.0;1039;6;1040.0;4.0;1046.0;46.0;1035.5;0.0
2;104400;ORCHIDS;1033;8;1032.0;2.0;1026.0;50.0;1040;8;1041.0;2.0;1047.0;50.0;1036.5;0.0
2;104500;ORCHIDS;1033;9;1032.0;4.0;1026.0;49.0;1040;9;1041.0;4.0;1047.0;49.0;1036.5;0.0
2;104600;ORCHIDS;1033;9;1032.0;4.0;1026.0;50.0;1040;9;1041.0;4.0;1047.0;50.0;1036.5;0.0
2;104700;ORCHIDS;1034;6;1033.0;3.0;1027.0;50.0;1041;6;1042.0;3.0;1048.0;50.0;1037.5;0.0
2;104800;ORCHIDS;1035;10;1034.0;5.0;1028.0;60.0;1042;10;1043.0;5.0;1049.0;60.0;1038.5;0.0
2;104900;ORCHIDS;1035;7;1034.0;5.0;1028.0;43.0;1042;7;1043.0;5.0;1049.0;43.0;1038.5;0.0
2;105000;ORCHIDS;1036;6;1035.0;3.0;1029.0;45.0;1043;6;1044.0;3.0;1050.0;45.0;1039.5;0.0
2;105100;ORCHIDS;1039;7;1038.0;2.0;1032.0;49.0;1046;7;1047.0;2.0;1053.0;49.0;1042.5;0.0
2;105200;ORCHIDS;1039;10;1038.0;5.0;1032.0;56.0;1046;10;1047.0;5.0;1053.0;56.0;1042.5;0.0
2;105300;ORCHIDS;1041;5;1040.0;4.0;1034.0;40.0;1048;5;1049.0;4.0;1055.0;40.0;1044.5;0.0
2;105400;ORCHIDS;1046;7;1043.0;10.0;1042.0;4.0;1050;10;1051.0;4.0;1057.0;46.0;1050.0;0.0
2;105500;ORCHIDS;1045;8;1044.0;5.0;1038.0;50.0;1052;8;1053.0;5.0;1059.0;50.0;1048.5;0.0
2;105600;ORCHIDS;1045;6;1044.0;4.0;1038.0;50.0;1053;6;1054.0;4.0;1060.0;50.0;1049.0;0.0
2;105700;ORCHIDS;1045;6;1044.0;4.0;1038.0;48.0;1052;6;1053.0;4.0;1059.0;48.0;1048.5;0.0
2;105800;ORCHIDS;1046;8;1045.0;5.0;1039.0;54.0;1053;8;1054.0;5.0;1060.0;54.0;1049.5;0.0
2;105900;ORCHIDS;1046;10;1045.0;4.0;1039.0;57.0;1054;10;1055.0;4.0;1061.0;57.0;1050.0;0.0
2;106000;ORCHIDS;1047;7;1046.0;2.0;1040.0;45.0;1054;7;1055.0;2.0;1061.0;45.0;1050.5;0.0
2;106100;ORCHIDS;1050;5;1047.0;9.0;1046.0;5.0;1054;9;1055.0;5.0;1061.0;54.0;1054.0;0.0
2;106200;ORCHIDS;1045;6;1044.0;4.0;1038.0;53.0;1052;6;1053.0;4.0;1059.0;53.0;1048.5;0.0
2;106300;ORCHIDS;1046;8;1045.0;3.0;1039.0;52.0;1053;8;1054.0;3.0;1060.0;52.0;1049.5;0.0
2;106400;ORCHIDS;1045;6;1044.0;3.0;1038.0;45.0;1052;6;1053.0;3.0;1059.0;45.0;1048.5;0.0
2;106500;ORCHIDS;1046;8;1045.0;4.0;1039.0;54.0;1053;8;1054.0;4.0;1060.0;54.0;1049.5;0.0
2;106600;ORCHIDS;1047;10;1046.0;4.0;1040.0;53.0;1054;10;1055.0;4.0;1061.0;53.0;1050.5;0.0
2;106700;ORCHIDS;1048;7;1047.0;4.0;1041.0;44.0;1055;7;1056.0;4.0;1062.0;44.0;1051.5;0.0
2;106800;ORCHIDS;1047;8;1046.0;2.0;1040.0;40.0;1054;8;1055.0;2.0;1061.0;40.0;1050.5;0.0
2;106900;ORCHIDS;1047;9;1046.0;5.0;1040.0;50.0;1054;9;1055.0;5.0;1061.0;50.0;1050.5;0.0
2;107000;ORCHIDS;1048;10;1047.0;3.0;1041.0;44.0;1055;10;1056.0;3.0;1062.0;44.0;1051.5;0.0
2;107100;ORCHIDS;1049;5;1048.0;2.0;1042.0;46.0;1056;5;1057.0;2.0;1063.0;46.0;1052.5;0.0
2;107200;ORCHIDS;1051;8;1050.0;5.0;1044.0;48.0;1058;8;1059.0;5.0;1065.0;48.0;1054.5;0.0
2;107300;ORCHIDS;1052;5;1051.0;3.0;1045.0;44.0;1059;5;1060.0;3.0;1066.0;44.0;1055.5;0.0
2;107400;ORCHIDS;1052;10;1051.0;4.0;1045.0;51.0;1059;10;1060.0;4.0;1066.0;51.0;1055.5;0.0
2;107500;ORCHIDS;1054;8;1053.0;4.0;1047.0;46.0;1056;5;1061.0;8.0;1062.0;4.0;1054.0;0.0
2;107600;ORCHIDS;1053;9;1052.0;3.0;1046.0;54.0;1060;9;1061.0;3.0;1067.0;54.0;1056.5;0.0
2;107700;ORCHIDS;1052;7;1051.0;3.0;1045.0;52.0;1059;7;1060.0;3.0;1066.0;52.0;1055.5;0.0
2;107800;ORCHIDS;1052;9;1051.0;5.0;1045.0;42.0;1059;9;1060.0;5.0;1066.0;42.0;1055.5;0.0
2;107900;ORCHIDS;1053;6;1052.0;4.0;1046.0;46.0;1057;8;1060.0;6.0;1061.0;4.0;1051.5;0.0
2;108000;ORCHIDS;1051;10;1050.0;2.0;1044.0;50.0;1055;5;1058.0;10.0;1059.0;2.0;1051.0;0.0
2;108100;ORCHIDS;1051;9;1050.0;5.0;1044.0;42.0;1058;9;1059.0;5.0;1065.0;42.0;1054.5;0.0
2;108200;ORCHIDS;1050;5;1049.0;4.0;1043.0;40.0;1057;5;1058.0;4.0;1064.0;40.0;1053.5;0.0
2;108300;ORCHIDS;1051;5;1050.0;5.0;1044.0;37.0;1058;5;1059.0;5.0;1065.0;37.0;1054.5;0.0
2;108400;ORCHIDS;1049;8;1048.0;2.0;1042.0;46.0;1056;8;1057.0;2.0;1063.0;46.0;1052.5;0.0
2;108500;ORCHIDS;1049;10;1048.0;3.0;1042.0;48.0;1051;5;1056.0;10.0;1057.0;3.0;1049.0;0.0
2;108600;ORCHIDS;1047;8;1046.0;2.0;1040.0;47.0;1054;8;1055.0;2.0;1061.0;47.0;1050.5;0.0
2;108700;ORCHIDS;1047;7;1046.0;2.0;1040.0;48.0;1054;7;1055.0;2.0;1061.0;48.0;1050.5;0.0
2;108800;ORCHIDS;1050;8;1049.0;5.0;1043.0;51.0;1057;8;1058.0;5.0;1064.0;51.0;1053.5;0.0
2;108900;ORCHIDS;1049;10;1048.0;2.0;1042.0;48.0;1056;10;1057.0;2.0;1063.0;48.0;1052.5;0.0
2;109000;ORCHIDS;1050;7;1049.0;5.0;1043.0;48.0;1057;7;1058.0;5.0;1064.0;48.0;1053.5;0.0
2;109100;ORCHIDS;1048;6;1047.0;5.0;1041.0;39.0;1055;6;1056.0;5.0;1062.0;39.0;1051.5;0.0
2;109200;ORCHIDS;1049;7;1048.0;3.0;1042.0;43.0;1056;7;1057.0;3.0;1063.0;43.0;1052.5;0.0
2;109300;ORCHIDS;1050;7;1049.0;5.0;1043.0;51.0;1057;7;1058.0;5.0;1064.0;51.0;1053.5;0.0
2;109400;ORCHIDS;1049;7;1048.0;4.0;1042.0;48.0;1057;7;1058.0;4.0;1064.0;48.0;1053.0;0.0
2;109500;ORCHIDS;1052;8;1051.0;3.0;1045.0;50.0;1059;8;1060.0;3.0;1066.0;50.0;1055.5;0.0
2;109600;ORCHIDS;1052;9;1051.0;4.0;1045.0;45.0;1059;9;1060.0;4.0;1066.0;45.0;1055.5;0.0
2;109700;ORCHIDS;1052;6;1051.0;4.0;1045.0;53.0;1059;6;1060.0;4.0;1066.0;53.0;1055.5;0.0
2;109800;ORCHIDS;1050;6;1049.0;4.0;1043.0;39.0;1057;6;1058.0;4.0;1064.0;39.0;1053.5;0.0
2;109900;ORCHIDS;1052;6;1051.0;5.0;1045.0;48.0;1059;6;1060.0;5.0;1066.0;48.0;1055.5;0.0
2;110000;ORCHIDS;1055;9;1054.0;4.0;1048.0;48.0;1062;9;1063.0;4.0;1069.0;48.0;1058.5;0.0
2;110100;ORCHIDS;1055;10;1054.0;2.0;1048.0;50.0;1063;10;1064.0;2.0;1070.0;50.0;1059.0;0.0
2;110200;ORCHIDS;1055;7;1054.0;5.0;1048.0;55.0;1062;7;1063.0;5.0;1069.0;55.0;1058.5;0.0
2;110300;ORCHIDS;1054;8;1053.0;3.0;1047.0;43.0;1061;8;1062.0;3.0;1068.0;43.0;1057.5;0.0
2;110400;ORCHIDS;1055;7;1054.0;3.0;1048.0;39.0;1062;7;1063.0;3.0;1069.0;39.0;1058.5;0.0
2;110500;ORCHIDS;1056;9;1055.0;2.0;1049.0;45.0;1063;9;1064.0;2.0;1070.0;45.0;1059.5;0.0
2;110600;ORCHIDS;1055;9;1054.0;4.0;1048.0;47.0;1062;9;1063.0;4.0;1069.0;47.0;1058.5;0.0
2;110700;ORCHIDS;1055;7;1054.0;3.0;1048.0;47.0;1062;7;1063.0;3.0;1069.0;47.0;1058.5;0.0
2;110800;ORCHIDS;1054;7;1053.0;2.0;1047.0;49.0;1061;7;1062.0;2.0;1068.0;49.0;1057.5;0.0
2;110900;ORCHIDS;1052;7;1051.0;3.0;1045.0;50.0;1059;7;1060.0;3.0;1066.0;50.0;1055.5;0.0
2;111000;ORCHIDS;1056;10;1055.0;2.0;1049.0;46.0;1063;10;1064.0;2.0;1070.0;46.0;1059.5;0.0
2;111100;ORCHIDS;1056;10;1055.0;5.0;1049.0;48.0;1063;10;1064.0;5.0;1070.0;48.0;1059.5;0.0
2;111200;ORCHIDS;1058;8;1057.0;5.0;1051.0;49.0;1065;8;1066.0;5.0;1072.0;49.0;1061.5;0.0
2;111300;ORCHIDS;1055;10;1054.0;2.0;1048.0;47.0;1062;10;1063.0;2.0;1069.0;47.0;1058.5;0.0
2;111400;ORCHIDS;1057;9;1056.0;5.0;1050.0;51.0;1064;9;1065.0;5.0;1071.0;51.0;1060.5;0.0
2;111500;ORCHIDS;1058;8;1057.0;5.0;1051.0;52.0;1065;8;1066.0;5.0;1072.0;52.0;1061.5;0.0
2;111600;ORCHIDS;1057;8;1056.0;2.0;1050.0;48.0;1065;8;1066.0;2.0;1072.0;48.0;1061.0;0.0
2;111700;ORCHIDS;1059;7;1058.0;3.0;1052.0;48.0;1066;7;1067.0;3.0;1073.0;48.0;1062.5;0.0
2;111800;ORCHIDS;1059;5;1058.0;2.0;1052.0;35.0;1066;5;1067.0;2.0;1073.0;35.0;1062.5;0.0
2;111900;ORCHIDS;1060;8;1059.0;5.0;1053.0;53.0;1067;8;1068.0;5.0;1074.0;53.0;1063.5;0.0
2;112000;ORCHIDS;1057;8;1056.0;5.0;1050.0;49.0;1064;8;1065.0;5.0;1071.0;49.0;1060.5;0.0
2;112100;ORCHIDS;1058;7;1057.0;4.0;1051.0;50.0;1065;7;1066.0;4.0;1072.0;50.0;1061.5;0.0
2;112200;ORCHIDS;1060;7;1059.0;4.0;1053.0;51.0;1067;7;1068.0;4.0;1074.0;51.0;1063.5;0.0
2;112300;ORCHIDS;1062;9;1061.0;5.0;1055.0;49.0;1069;9;1070.0;5.0;1076.0;49.0;1065.5;0.0
2;112400;ORCHIDS;1062;5;1061.0;2.0;1055.0;47.0;1069;5;1070.0;2.0;1076.0;47.0;1065.5;0.0
2;112500;ORCHIDS;1062;9;1061.0;2.0;1055.0;51.0;1069;9;1070.0;2.0;1076.0;51.0;1065.5;0.0
2;112600;ORCHIDS;1062;8;1061.0;4.0;1055.0;48.0;1069;8;1070.0;4.0;1076.0;48.0;1065.5;0.0
2;112700;ORCHIDS;1062;6;1061.0;3.0;1055.0;37.0;1069;6;1070.0;3.0;1076.0;37.0;1065.5;0.0
2;112800;ORCHIDS;1064;7;1063.0;3.0;1057.0;42.0;1071;7;1072.0;3.0;1078.0;42.0;1067.5;0.0
2;112900;ORCHIDS;1061;9;1060.0;4.0;1054.0;40.0;1068;9;1069.0;4.0;1075.0;40.0;1064.5;0.0
2;113000;ORCHIDS;1060;7;1059.0;4.0;1053.0;49.0;1067;7;1068.0;4.0;1074.0;49.0;1063.5;0.0
2;113100;ORCHIDS;1057;10;1056.0;3.0;1050.0;57.0;1064;10;1065.0;3.0;1071.0;57.0;1060.5;0.0
2;113200;ORCHIDS;1057;7;1056.0;5.0;1050.0;47.0;1064;7;1065.0;5.0;1071.0;47.0;1060.5;0.0
2;113300;ORCHIDS;1058;9;1057.0;4.0;1051.0;47.0;1064;9;1065.0;4.0;1072.0;47.0;1061.5;0.0
2;113400;ORCHIDS;1058;10;1057.0;4.0;1052.0;56.0;1065;10;1066.0;4.0;1072.0;56.0;1062.0;0.0
2;113500;ORCHIDS;1059;7;1058.0;3.0;1052.0;52.0;1066;7;1067.0;3.0;1073.0;52.0;1062.5;0.0
2;113600;ORCHIDS;1061;10;1058.0;8.0;1057.0;5.0;1065;8;1066.0;5.0;1072.0;50.0;1066.5;0.0
2;113700;ORCHIDS;1055;10;1054.0;4.0;1049.0;45.0;1062;10;1063.0;4.0;1069.0;45.0;1059.0;0.0
2;113800;ORCHIDS;1052;8;1051.0;3.0;1046.0;43.0;1059;8;1060.0;3.0;1066.0;43.0;1056.0;0.0
2;113900;ORCHIDS;1053;9;1052.0;2.0;1047.0;59.0;1060;9;1061.0;2.0;1067.0;59.0;1057.0;0.0
2;114000;ORCHIDS;1054;5;1053.0;2.0;1048.0;40.0;1061;5;1062.0;2.0;1068.0;40.0;1058.0;0.0
2;114100;ORCHIDS;1055;6;1054.0;2.0;1048.0;45.0;1062;6;1063.0;2.0;1069.0;45.0;1058.5;0.0
2;114200;ORCHIDS;1054;6;1053.0;2.0;1048.0;51.0;1061;6;1062.0;2.0;1068.0;51.0;1058.0;0.0
