day;timestamp;product;bid_price_1;bid_volume_1;bid_price_2;bid_volume_2;bid_price_3;bid_volume_3;ask_price_1;ask_volume_1;ask_price_2;ask_volume_2;ask_price_3;ask_volume_3;mid_price;profit_and_loss
3;0;ROSES;14415;72;;;;;14416;72;;;;;14415.5;0.0
3;100;ROSES;14418;20;14417.0;37.0;;;14419;57;;;;;14418.0;0.0
3;200;ROSES;14420;67;;;;;14422;67;;;;;14421.0;0.0
3;300;ROSES;14422;64;;;;;14424;64;;;;;14423.0;0.0
3;400;ROSES;14425;68;;;;;14427;68;;;;;14426.0;0.0
3;500;ROSES;14425;63;;;;;14426;63;;;;;14425.5;0.0
3;600;ROSES;14424;55;;;;;14426;55;;;;;14425.0;0.0
3;700;ROSES;14423;59;;;;;14424;59;;;;;14423.5;0.0
3;800;ROSES;14426;20;14425.0;37.0;;;14427;57;;;;;14426.0;0.0
3;900;ROSES;14427;49;;;;;14429;49;;;;;14428.0;0.0
3;1000;ROSES;14430;61;;;;;14432;61;;;;;14431.0;0.0
3;1100;ROSES;14430;18;14429.0;32.0;;;14431;50;;;;;14430.0;0.0
3;1200;ROSES;14429;69;;;;;14430;28;14431.0;41.0;;;14430.0;0.0
3;1300;ROSES;14429;49;;;;;14431;49;;;;;14430.0;0.0
3;1400;ROSES;14430;60;;;;;14431;60;;;;;14430.5;0.0
3;1500;ROSES;14429;64;;;;;14431;64;;;;;14430.0;0.0
3;1600;ROSES;14434;66;;;;;14435;66;;;;;14434.5;0.0
3;1700;ROSES;14435;17;14434.0;43.0;;;14436;60;;;;;14435.0;0.0
3;1800;ROSES;14428;21;14427.0;32.0;;;14429;53;;;;;14428.0;0.0
3;1900;ROSES;14426;73;;;;;14428;73;;;;;14427.0;0.0
3;2000;ROSES;14427;59;;;;;14429;59;;;;;14428.0;0.0
3;2100;ROSES;14428;68;;;;;14429;23;14430.0;45.0;;;14429.0;0.0
3;2200;ROSES;14428;72;;;;;14430;72;;;;;14429.0;0.0
3;2300;ROSES;14428;73;;;;;14429;27;14430.0;46.0;;;14429.0;0.0
3;2400;ROSES;14433;62;;;;;14434;62;;;;;14433.5;0.0
3;2500;ROSES;14431;70;;;;;14432;70;;;;;14431.5;0.0
3;2600;ROSES;14433;64;;;;;14435;64;;;;;14434.0;0.0
3;2700;ROSES;14436;70;;;;;14437;27;14438.0;43.0;;;14437.0;0.0
3;2800;ROSES;14439;70;;;;;14440;24;14441.0;46.0;;;14440.0;0.0
3;2900;ROSES;14446;23;14445.0;41.0;;;14447;64;;;;;14446.0;0.0
3;3000;ROSES;14444;22;14443.0;36.0;;;14445;58;;;;;14444.0;0.0
3;3100;ROSES;14442;60;;;;;14443;17;14444.0;43.0;;;14443.0;0.0
3;3200;ROSES;14444;19;14443.0;37.0;;;14445;56;;;;;14444.0;0.0
3;3300;ROSES;14445;48;;;;;14447;48;;;;;14446.0;0.0
3;3400;ROSES;14447;67;;;;;14449;67;;;;;14448.0;0.0
3;3500;ROSES;14446;58;;;;;14447;58;;;;;14446.5;0.0
3;3600;ROSES;14445;54;;;;;14446;15;14447.0;39.0;;;14446.0;0.0
3;3700;ROSES;14450;65;;;;;14451;65;;;;;14450.5;0.0
3;3800;ROSES;14452;62;;;;;14453;28;14454.0;34.0;;;14453.0;0.0
3;3900;ROSES;14454;62;;;;;14456;62;;;;;14455.0;0.0
3;4000;ROSES;14457;70;;;;;14458;20;14459.0;50.0;;;14458.0;0.0
3;4100;ROSES;14462;55;;;;;14464;55;;;;;14463.0;0.0
3;4200;ROSES;14462;55;;;;;14464;55;;;;;14463.0;0.0
3;4300;ROSES;14464;22;14463.0;48.0;;;14465;70;;;;;14464.0;0.0
3;4400;ROSES;14460;30;14459.0;42.0;;;14461;72;;;;;14460.0;0.0
3;4500;ROSES;14459;65;;;;;14460;29;14461.0;36.0;;;14460.0;0.0
3;4600;ROSES;14460;51;;;;;14462;51;;;;;14461.0;0.0
3;4700;ROSES;14463;23;14462.0;34.0;;;14464;57;;;;;14463.0;0.0
3;4800;ROSES;14461;67;;;;;14462;67;;;;;14461.5;0.0
3;4900;ROSES;14458;21;14457.0;32.0;;;14459;53;;;;;14458.0;0.0
3;5000;ROSES;14456;18;14455.0;30.0;;;14457;48;;;;;14456.0;0.0
3;5100;ROSES;14450;66;;;;;14452;66;;;;;14451.0;0.0
3;5200;ROSES;14448;34;14447.0;33.0;;;14449;63;;;;;14448.5;0.0
3;5300;ROSES;14448;29;14447.0;44.0;;;14449;73;;;;;14448.0;0.0
3;5400;ROSES;14449;60;;;;;14451;60;;;;;14450.0;0.0
3;5500;ROSES;14454;24;14453.0;36.0;;;14455;60;;;;;14454.0;0.0
3;5600;ROSES;14454;51;;;;;14456;51;;;;;14455.0;0.0
3;5700;ROSES;14453;27;14452.0;50.0;;;14454;77;;;;;14453.0;0.0
3;5800;ROSES;14454;23;14453.0;35.0;;;14455;58;;;;;14454.0;0.0
3;5900;ROSES;14453;70;;;;;14454;70;;;;;14453.5;0.0
3;6000;ROSES;14456;54;;;;;14457;16;14458.0;38.0;;;14457.0;0.0
3;6100;ROSES;14459;56;;;;;14461;56;;;;;14460.0;0.0
3;6200;ROSES;14455;70;;;;;14456;22;14457.0;48.0;;;14456.0;0.0
3;6300;ROSES;14455;16;14454.0;49.0;;;14456;65;;;;;14455.0;0.0
3;6400;ROSES;14461;23;14460.0;45.0;;;14462;68;;;;;14461.0;0.0
3;6500;ROSES;14464;74;;;;;14466;74;;;;;14465.0;0.0
3;6600;ROSES;14464;77;;;;;14465;29;14466.0;48.0;;;14465.0;0.0
3;6700;ROSES;14456;64;;;;;14457;64;;;;;14456.5;0.0
3;6800;ROSES;14458;70;;;;;14459;22;14460.0;48.0;;;14459.0;0.0
3;6900;ROSES;14459;54;;;;;14461;54;;;;;14460.0;0.0
3;7000;ROSES;14459;63;;;;;14461;63;;;;;14460.0;0.0
3;7100;ROSES;14462;59;;;;;14463;59;;;;;14462.5;0.0
3;7200;ROSES;14463;60;;;;;14464;60;;;;;14463.5;0.0
3;7300;ROSES;14465;62;;;;;14466;62;;;;;14465.5;0.0
3;7400;ROSES;14464;49;;;;;14466;49;;;;;14465.0;0.0
3;7500;ROSES;14464;69;;;;;14465;21;14466.0;48.0;;;14465.0;0.0
3;7600;ROSES;14466;21;14465.0;48.0;;;14467;69;;;;;14466.0;0.0
3;7700;ROSES;14465;60;;;;;14466;60;;;;;14465.5;0.0
3;7800;ROSES;14462;64;;;;;14463;64;;;;;14462.5;0.0
3;7900;ROSES;14459;20;14458.0;39.0;;;14460;59;;;;;14459.0;0.0
3;8000;ROSES;14460;23;14459.0;35.0;;;14461;58;;;;;14460.0;0.0
3;8100;ROSES;14458;27;14457.0;45.0;;;14459;72;;;;;14458.0;0.0
3;8200;ROSES;14455;61;;;;;14457;61;;;;;14456.0;0.0
3;8300;ROSES;14454;28;14453.0;33.0;;;14455;61;;;;;14454.0;0.0
3;8400;ROSES;14456;71;;;;;14457;71;;;;;14456.5;0.0
3;8500;ROSES;14450;74;;;;;14451;29;14452.0;45.0;;;14451.0;0.0
3;8600;ROSES;14443;48;;;;;14445;48;;;;;14444.0;0.0
3;8700;ROSES;14444;57;;;;;14445;19;14446.0;38.0;;;14445.0;0.0
3;8800;ROSES;14444;66;;;;;14445;66;;;;;14444.5;0.0
3;8900;ROSES;14448;54;;;;;14449;54;;;;;14448.5;0.0
3;9000;ROSES;14447;60;;;;;14449;60;;;;;14448.0;0.0
3;9100;ROSES;14443;60;;;;;14445;60;;;;;14444.0;0.0
3;9200;ROSES;14444;59;;;;;14446;59;;;;;14445.0;0.0
3;9300;ROSES;14445;65;;;;;14446;19;14447.0;46.0;;;14446.0;0.0
3;9400;ROSES;14446;71;;;;;14448;71;;;;;14447.0;0.0
3;9500;ROSES;14447;73;;;;;14449;73;;;;;14448.0;0.0
3;9600;ROSES;14453;60;;;;;14455;60;;;;;14454.0;0.0
3;9700;ROSES;14453;15;14452.0;50.0;;;14454;65;;;;;14453.0;0.0
3;9800;ROSES;14454;77;;;;;14455;77;;;;;14454.5;0.0
3;9900;ROSES;14454;26;14453.0;47.0;;;14455;73;;;;;14454.0;0.0
3;10000;ROSES;14449;52;;;;;14450;16;14451.0;36.0;;;14450.0;0.0
3;10100;ROSES;14446;66;;;;;14447;66;;;;;14446.5;0.0
3;10200;ROSES;14443;56;;;;;14445;56;;;;;14444.0;0.0
3;10300;ROSES;14442;62;;;;;14444;62;;;;;14443.0;0.0
3;10400;ROSES;14439;65;;;;;14440;25;14441.0;40.0;;;14440.0;0.0
3;10500;ROSES;14443;50;;;;;14444;16;14445.0;34.0;;;14444.0;0.0
3;10600;ROSES;14443;60;;;;;14444;60;;;;;14443.5;0.0
3;10700;ROSES;14440;55;;;;;14442;55;;;;;14441.0;0.0
3;10800;ROSES;14438;59;;;;;14440;59;;;;;14439.0;0.0
3;10900;ROSES;14438;63;;;;;14440;63;;;;;14439.0;0.0
3;11000;ROSES;14437;21;14436.0;46.0;;;14438;67;;;;;14437.0;0.0
3;11100;ROSES;14434;21;14433.0;43.0;;;14435;64;;;;;14434.0;0.0
3;11200;ROSES;14430;62;;;;;14432;62;;;;;14431.0;0.0
3;11300;ROSES;14430;72;;;;;14431;27;14432.0;45.0;;;14431.0;0.0
3;11400;ROSES;14435;58;;;;;14436;58;;;;;14435.5;0.0
3;11500;ROSES;14427;50;;;;;14429;50;;;;;14428.0;0.0
3;11600;ROSES;14426;70;;;;;14428;70;;;;;14427.0;0.0
3;11700;ROSES;14426;56;;;;;14428;56;;;;;14427.0;0.0
3;11800;ROSES;14424;66;;;;;14425;66;;;;;14424.5;0.0
3;11900;ROSES;14430;71;;;;;14431;71;;;;;14430.5;0.0
3;12000;ROSES;14430;47;;;;;14432;47;;;;;14431.0;0.0
3;12100;ROSES;14426;23;14425.0;30.0;;;14427;53;;;;;14426.0;0.0
3;12200;ROSES;14426;58;;;;;14428;58;;;;;14427.0;0.0
3;12300;ROSES;14423;51;;;;;14424;51;;;;;14423.5;0.0
3;12400;ROSES;14425;55;;;;;14426;21;14427.0;34.0;;;14426.0;0.0
3;12500;ROSES;14425;67;;;;;14426;67;;;;;14425.5;0.0
3;12600;ROSES;14428;52;;;;;14429;15;14430.0;37.0;;;14429.0;0.0
3;12700;ROSES;14425;62;;;;;14427;62;;;;;14426.0;0.0
3;12800;ROSES;14426;75;;;;;14428;75;;;;;14427.0;0.0
3;12900;ROSES;14431;65;;;;;14432;65;;;;;14431.5;0.0
3;13000;ROSES;14430;69;;;;;14431;69;;;;;14430.5;0.0
3;13100;ROSES;14427;60;;;;;14428;29;14429.0;31.0;;;14428.0;0.0
3;13200;ROSES;14426;68;;;;;14427;68;;;;;14426.5;0.0
3;13300;ROSES;14426;51;;;;;14428;51;;;;;14427.0;0.0
3;13400;ROSES;14425;65;;;;;14427;65;;;;;14426.0;0.0
3;13500;ROSES;14426;78;;;;;14428;78;;;;;14427.0;0.0
3;13600;ROSES;14429;75;;;;;14431;75;;;;;14430.0;0.0
3;13700;ROSES;14427;61;;;;;14428;22;14429.0;39.0;;;14428.0;0.0
3;13800;ROSES;14423;46;;;;;14424;56;;;;;14423.5;0.0
3;13900;ROSES;14420;52;;;;;14421;19;14422.0;33.0;;;14421.0;0.0
3;14000;ROSES;14416;22;14415.0;32.0;;;14417;54;;;;;14416.0;0.0
3;14100;ROSES;14413;74;;;;;14415;74;;;;;14414.0;0.0
3;14200;ROSES;14413;23;14412.0;31.0;;;14414;54;;;;;14413.0;0.0
3;14300;ROSES;14408;19;14407.0;33.0;;;14409;52;;;;;14408.0;0.0
3;14400;ROSES;14408;19;14407.0;34.0;;;14409;53;;;;;14408.0;0.0
3;14500;ROSES;14407;61;;;;;14409;61;;;;;14408.0;0.0
3;14600;ROSES;14403;20;14402.0;44.0;;;14404;64;;;;;14403.0;0.0
3;14700;ROSES;14401;51;;;;;14403;51;;;;;14402.0;0.0
3;14800;ROSES;14396;60;;;;;14398;60;;;;;14397.0;0.0
3;14900;ROSES;14398;68;;;;;14399;68;;;;;14398.5;0.0
3;15000;ROSES;14397;25;14396.0;43.0;;;14398;68;;;;;14397.0;0.0
3;15100;ROSES;14398;20;14397.0;50.0;;;14399;70;;;;;14398.0;0.0
3;15200;ROSES;14401;52;;;;;14402;21;14403.0;31.0;;;14402.0;0.0
3;15300;ROSES;14402;48;;;;;14404;48;;;;;14403.0;0.0
3;15400;ROSES;14402;72;;;;;14403;25;14404.0;47.0;;;14403.0;0.0
3;15500;ROSES;14402;71;;;;;14404;71;;;;;14403.0;0.0
3;15600;ROSES;14401;62;;;;;14402;62;;;;;14401.5;0.0
3;15700;ROSES;14400;64;;;;;14402;64;;;;;14401.0;0.0
3;15800;ROSES;14405;25;14404.0;41.0;;;14406;66;;;;;14405.0;0.0
3;15900;ROSES;14403;26;14402.0;44.0;;;14404;70;;;;;14403.0;0.0
3;16000;ROSES;14402;73;;;;;14403;73;;;;;14402.5;0.0
3;16100;ROSES;14402;59;;;;;14403;59;;;;;14402.5;0.0
3;16200;ROSES;14403;26;14402.0;41.0;;;14404;67;;;;;14403.0;0.0
3;16300;ROSES;14404;49;;;;;14405;17;14406.0;32.0;;;14405.0;0.0
3;16400;ROSES;14400;45;;;;;14402;45;;;;;14401.0;0.0
3;16500;ROSES;14399;19;14398.0;43.0;;;14400;62;;;;;14399.0;0.0
3;16600;ROSES;14398;70;;;;;14399;70;;;;;14398.5;0.0
3;16700;ROSES;14398;61;;;;;14400;61;;;;;14399.0;0.0
3;16800;ROSES;14399;46;;;;;14401;46;;;;;14400.0;0.0
3;16900;ROSES;14400;55;;;;;14401;20;14402.0;35.0;;;14401.0;0.0
3;17000;ROSES;14400;55;;;;;14401;55;;;;;14400.5;0.0
3;17100;ROSES;14397;65;;;;;14398;65;;;;;14397.5;0.0
3;17200;ROSES;14393;56;;;;;14395;56;;;;;14394.0;0.0
3;17300;ROSES;14390;27;14389.0;42.0;;;14391;69;;;;;14390.0;0.0
3;17400;ROSES;14391;62;;;;;14393;62;;;;;14392.0;0.0
3;17500;ROSES;14395;62;;;;;14396;20;14397.0;42.0;;;14396.0;0.0
3;17600;ROSES;14392;66;;;;;14394;66;;;;;14393.0;0.0
3;17700;ROSES;14388;78;;;;;14389;28;14390.0;50.0;;;14389.0;0.0
3;17800;ROSES;14387;30;14386.0;44.0;;;14388;74;;;;;14387.0;0.0
3;17900;ROSES;14387;74;;;;;14388;74;;;;;14387.5;0.0
3;18000;ROSES;14385;57;;;;;14386;57;;;;;14385.5;0.0
3;18100;ROSES;14384;21;14383.0;40.0;;;14385;61;;;;;14384.0;0.0
3;18200;ROSES;14385;60;;;;;14386;60;;;;;14385.5;0.0
3;18300;ROSES;14385;72;;;;;14387;72;;;;;14386.0;0.0
3;18400;ROSES;14384;10;14383.0;36.0;;;14385;53;;;;;14384.0;0.0
3;18500;ROSES;14380;21;14379.0;41.0;;;14381;62;;;;;14380.0;0.0
3;18600;ROSES;14379;57;;;;;14380;57;;;;;14379.5;0.0
3;18700;ROSES;14381;68;;;;;14382;19;14383.0;49.0;;;14382.0;0.0
3;18800;ROSES;14376;52;;;;;14377;17;14378.0;35.0;;;14377.0;0.0
3;18900;ROSES;14380;27;14379.0;31.0;;;14381;58;;;;;14380.0;0.0
3;19000;ROSES;14380;18;14379.0;35.0;;;14381;53;;;;;14380.0;0.0
3;19100;ROSES;14383;69;;;;;14384;25;14385.0;44.0;;;14384.0;0.0
3;19200;ROSES;14381;64;;;;;14382;64;;;;;14381.5;0.0
3;19300;ROSES;14378;68;;;;;14380;68;;;;;14379.0;0.0
3;19400;ROSES;14374;69;;;;;14375;27;14376.0;42.0;;;14375.0;0.0
3;19500;ROSES;14374;58;;;;;14376;58;;;;;14375.0;0.0
3;19600;ROSES;14374;56;;;;;14375;21;14376.0;35.0;;;14375.0;0.0
3;19700;ROSES;14373;70;;;;;14374;27;14375.0;43.0;;;14374.0;0.0
3;19800;ROSES;14373;69;;;;;14374;69;;;;;14373.5;0.0
3;19900;ROSES;14373;78;;;;;14375;78;;;;;14374.0;0.0
3;20000;ROSES;14371;74;;;;;14372;74;;;;;14371.5;0.0
3;20100;ROSES;14373;58;;;;;14374;58;;;;;14373.5;0.0
3;20200;ROSES;14368;73;;;;;14369;24;14370.0;49.0;;;14369.0;0.0
3;20300;ROSES;14366;62;;;;;14368;62;;;;;14367.0;0.0
3;20400;ROSES;14367;69;;;;;14368;69;;;;;14367.5;0.0
3;20500;ROSES;14366;23;14365.0;31.0;;;14367;54;;;;;14366.0;0.0
3;20600;ROSES;14365;52;;;;;14367;52;;;;;14366.0;0.0
3;20700;ROSES;14361;63;;;;;14362;63;;;;;14361.5;0.0
3;20800;ROSES;14359;68;;;;;14361;68;;;;;14360.0;0.0
3;20900;ROSES;14359;69;;;;;14360;63;;;;;14359.5;0.0
3;21000;ROSES;14354;58;;;;;14356;58;;;;;14355.0;0.0
3;21100;ROSES;14355;58;;;;;14357;58;;;;;14356.0;0.0
3;21200;ROSES;14352;21;14351.0;48.0;;;14353;69;;;;;14352.0;0.0
3;21300;ROSES;14349;56;;;;;14350;56;;;;;14349.5;0.0
3;21400;ROSES;14345;52;;;;;14346;52;;;;;14345.5;0.0
3;21500;ROSES;14345;73;;;;;14346;73;;;;;14345.5;0.0
3;21600;ROSES;14342;61;;;;;14343;25;14344.0;36.0;;;14343.0;0.0
3;21700;ROSES;14343;54;;;;;14344;15;14345.0;39.0;;;14344.0;0.0
3;21800;ROSES;14345;71;;;;;14346;71;;;;;14345.5;0.0
3;21900;ROSES;14343;78;;;;;14345;78;;;;;14344.0;0.0
3;22000;ROSES;14344;64;;;;;14346;64;;;;;14345.0;0.0
3;22100;ROSES;14348;62;;;;;14350;62;;;;;14349.0;0.0
3;22200;ROSES;14343;63;;;;;14345;63;;;;;14344.0;0.0
3;22300;ROSES;14338;58;;;;;14340;58;;;;;14339.0;0.0
3;22400;ROSES;14342;52;;;;;14344;52;;;;;14343.0;0.0
3;22500;ROSES;14339;72;;;;;14341;72;;;;;14340.0;0.0
3;22600;ROSES;14347;23;14346.0;39.0;;;14348;62;;;;;14347.0;0.0
3;22700;ROSES;14348;68;;;;;14350;68;;;;;14349.0;0.0
3;22800;ROSES;14342;15;14341.0;32.0;;;14343;47;;;;;14342.0;0.0
3;22900;ROSES;14344;19;14343.0;45.0;;;14345;64;;;;;14344.0;0.0
3;23000;ROSES;14343;27;14342.0;48.0;;;14344;75;;;;;14343.0;0.0
3;23100;ROSES;14342;56;;;;;14344;56;;;;;14343.0;0.0
3;23200;ROSES;14344;61;;;;;14345;27;14346.0;34.0;;;14345.0;0.0
3;23300;ROSES;14342;73;;;;;14343;27;14344.0;46.0;;;14343.0;0.0
3;23400;ROSES;14341;15;14340.0;41.0;;;14342;56;;;;;14341.0;0.0
3;23500;ROSES;14341;28;14340.0;45.0;;;14342;73;;;;;14341.0;0.0
3;23600;ROSES;14336;26;14335.0;43.0;;;14337;69;;;;;14336.0;0.0
3;23700;ROSES;14334;63;;;;;14336;63;;;;;14335.0;0.0
3;23800;ROSES;14334;60;;;;;14336;60;;;;;14335.0;0.0
3;23900;ROSES;14334;49;;;;;14335;19;14336.0;30.0;;;14335.0;0.0
3;24000;ROSES;14334;75;;;;;14335;75;;;;;14334.5;0.0
3;24100;ROSES;14334;23;14333.0;36.0;;;14335;59;;;;;14334.0;0.0
3;24200;ROSES;14328;53;;;;;14329;53;;;;;14328.5;0.0
3;24300;ROSES;14325;75;;;;;14326;28;14327.0;47.0;;;14326.0;0.0
3;24400;ROSES;14319;68;;;;;14321;68;;;;;14320.0;0.0
3;24500;ROSES;14320;57;;;;;14321;57;;;;;14320.5;0.0
3;24600;ROSES;14322;71;;;;;14323;71;;;;;14322.5;0.0
3;24700;ROSES;14322;70;;;;;14323;70;;;;;14322.5;0.0
3;24800;ROSES;14316;67;;;;;14317;22;14318.0;45.0;;;14317.0;0.0
3;24900;ROSES;14315;22;14314.0;47.0;;;14316;69;;;;;14315.0;0.0
3;25000;ROSES;14316;52;;;;;14318;52;;;;;14317.0;0.0
3;25100;ROSES;14317;62;;;;;14318;17;14319.0;45.0;;;14318.0;0.0
3;25200;ROSES;14319;58;;;;;14320;58;;;;;14319.5;0.0
3;25300;ROSES;14321;23;14320.0;46.0;;;14322;69;;;;;14321.0;0.0
3;25400;ROSES;14317;66;;;;;14319;66;;;;;14318.0;0.0
3;25500;ROSES;14318;30;14317.0;50.0;;;14319;80;;;;;14318.0;0.0
3;25600;ROSES;14318;40;;;;;14319;20;14320.0;30.0;;;14319.0;0.0
3;25700;ROSES;14315;54;;;;;14316;54;;;;;14315.5;0.0
3;25800;ROSES;14313;53;;;;;14314;22;14315.0;31.0;;;14314.0;0.0
3;25900;ROSES;14312;61;;;;;14314;61;;;;;14313.0;0.0
3;26000;ROSES;14317;51;;;;;14318;20;14319.0;31.0;;;14318.0;0.0
3;26100;ROSES;14320;18;14319.0;41.0;;;14321;59;;;;;14320.0;0.0
3;26200;ROSES;14319;51;;;;;14321;51;;;;;14320.0;0.0
3;26300;ROSES;14319;53;;;;;14320;17;14321.0;36.0;;;14320.0;0.0
3;26400;ROSES;14315;17;14314.0;46.0;;;14316;63;;;;;14315.0;0.0
3;26500;ROSES;14314;53;;;;;14316;53;;;;;14315.0;0.0
3;26600;ROSES;14317;19;14316.0;38.0;;;14318;57;;;;;14317.0;0.0
3;26700;ROSES;14315;61;;;;;14317;61;;;;;14316.0;0.0
3;26800;ROSES;14316;65;;;;;14318;65;;;;;14317.0;0.0
3;26900;ROSES;14320;65;;;;;14321;65;;;;;14320.5;0.0
3;27000;ROSES;14319;22;14318.0;39.0;;;14320;61;;;;;14319.0;0.0
3;27100;ROSES;14314;54;;;;;14315;17;14316.0;37.0;;;14315.0;0.0
3;27200;ROSES;14314;30;14313.0;35.0;;;14315;65;;;;;14314.0;0.0
3;27300;ROSES;14313;56;;;;;14314;56;;;;;14313.5;0.0
3;27400;ROSES;14320;56;;;;;14321;56;;;;;14320.5;0.0
3;27500;ROSES;14319;50;;;;;14321;50;;;;;14320.0;0.0
3;27600;ROSES;14319;25;14318.0;43.0;;;14320;68;;;;;14319.0;0.0
3;27700;ROSES;14321;67;;;;;14322;21;14323.0;46.0;;;14322.0;0.0
3;27800;ROSES;14319;56;;;;;14320;56;;;;;14319.5;0.0
3;27900;ROSES;14318;15;14317.0;30.0;;;14319;45;;;;;14318.0;0.0
3;28000;ROSES;14317;48;;;;;14318;48;;;;;14317.5;0.0
3;28100;ROSES;14316;49;;;;;14317;17;14318.0;32.0;;;14317.0;0.0
3;28200;ROSES;14317;60;;;;;14318;60;;;;;14317.5;0.0
3;28300;ROSES;14317;51;;;;;14318;51;;;;;14317.5;0.0
3;28400;ROSES;14310;67;;;;;14312;67;;;;;14311.0;0.0
3;28500;ROSES;14313;61;;;;;14314;61;;;;;14313.5;0.0
3;28600;ROSES;14311;67;;;;;14313;67;;;;;14312.0;0.0
3;28700;ROSES;14313;68;;;;;14314;68;;;;;14313.5;0.0
3;28800;ROSES;14313;49;;;;;14314;49;;;;;14313.5;0.0
3;28900;ROSES;14314;65;;;;;14315;22;14316.0;43.0;;;14315.0;0.0
3;29000;ROSES;14317;58;;;;;14319;58;;;;;14318.0;0.0
3;29100;ROSES;14317;30;14316.0;31.0;;;14318;61;;;;;14317.0;0.0
3;29200;ROSES;14315;72;;;;;14316;29;14317.0;43.0;;;14316.0;0.0
3;29300;ROSES;14316;64;;;;;14317;64;;;;;14316.5;0.0
3;29400;ROSES;14315;65;;;;;14317;65;;;;;14316.0;0.0
3;29500;ROSES;14320;73;;;;;14321;73;;;;;14320.5;0.0
3;29600;ROSES;14319;63;;;;;14320;63;;;;;14319.5;0.0
3;29700;ROSES;14317;64;;;;;14318;19;14319.0;45.0;;;14318.0;0.0
3;29800;ROSES;14322;79;;;;;14323;29;14324.0;50.0;;;14323.0;0.0
3;29900;ROSES;14320;67;;;;;14321;17;14322.0;50.0;;;14321.0;0.0
3;30000;ROSES;14322;72;;;;;14323;72;;;;;14322.5;0.0
3;30100;ROSES;14320;64;;;;;14321;18;14322.0;46.0;;;14321.0;0.0
3;30200;ROSES;14322;28;14321.0;34.0;;;14323;62;;;;;14322.0;0.0
3;30300;ROSES;14326;18;14325.0;42.0;;;14327;60;;;;;14326.0;0.0
3;30400;ROSES;14329;78;;;;;14330;28;14331.0;50.0;;;14330.0;0.0
3;30500;ROSES;14328;67;;;;;14329;67;;;;;14328.5;0.0
3;30600;ROSES;14329;60;;;;;14330;15;14331.0;45.0;;;14330.0;0.0
3;30700;ROSES;14332;62;;;;;14333;15;14334.0;47.0;;;14333.0;0.0
3;30800;ROSES;14332;52;;;;;14334;52;;;;;14333.0;0.0
3;30900;ROSES;14337;62;;;;;14338;23;14339.0;39.0;;;14338.0;0.0
3;31000;ROSES;14341;62;;;;;14342;24;14343.0;38.0;;;14342.0;0.0
3;31100;ROSES;14346;29;14345.0;35.0;;;14347;64;;;;;14346.0;0.0
3;31200;ROSES;14345;53;;;;;14347;53;;;;;14346.0;0.0
3;31300;ROSES;14346;69;;;;;14348;69;;;;;14347.0;0.0
3;31400;ROSES;14343;71;;;;;14344;28;14345.0;43.0;;;14344.0;0.0
3;31500;ROSES;14341;27;14340.0;49.0;;;14342;76;;;;;14341.0;0.0
3;31600;ROSES;14342;50;;;;;14343;46;;;;;14342.5;0.0
3;31700;ROSES;14340;60;;;;;14341;60;;;;;14340.5;0.0
3;31800;ROSES;14340;63;;;;;14341;63;;;;;14340.5;0.0
3;31900;ROSES;14337;64;;;;;14338;64;;;;;14337.5;0.0
3;32000;ROSES;14335;66;;;;;14336;66;;;;;14335.5;0.0
3;32100;ROSES;14331;56;;;;;14333;56;;;;;14332.0;0.0
3;32200;ROSES;14332;62;;;;;14333;15;14334.0;47.0;;;14333.0;0.0
3;32300;ROSES;14330;59;;;;;14331;15;14332.0;44.0;;;14331.0;0.0
3;32400;ROSES;14330;50;;;;;14332;50;;;;;14331.0;0.0
3;32500;ROSES;14332;67;;;;;14333;67;;;;;14332.5;0.0
3;32600;ROSES;14331;52;;;;;14332;52;;;;;14331.5;0.0
3;32700;ROSES;14331;45;;;;;14332;45;;;;;14331.5;0.0
3;32800;ROSES;14337;65;;;;;14338;65;;;;;14337.5;0.0
3;32900;ROSES;14338;51;;;;;14339;20;14340.0;31.0;;;14339.0;0.0
3;33000;ROSES;14342;63;;;;;14344;63;;;;;14343.0;0.0
3;33100;ROSES;14346;55;;;;;14348;55;;;;;14347.0;0.0
3;33200;ROSES;14349;19;14348.0;37.0;;;14350;56;;;;;14349.0;0.0
3;33300;ROSES;14350;63;;;;;14351;63;;;;;14350.5;0.0
3;33400;ROSES;14345;68;;;;;14346;3;14347.0;68.0;;;14346.0;0.0
3;33500;ROSES;14347;16;14346.0;47.0;;;14348;63;;;;;14347.0;0.0
3;33600;ROSES;14344;69;;;;;14345;69;;;;;14344.5;0.0
3;33700;ROSES;14340;55;;;;;14342;55;;;;;14341.0;0.0
3;33800;ROSES;14340;70;;;;;14341;70;;;;;14340.5;0.0
3;33900;ROSES;14343;62;;;;;14344;62;;;;;14343.5;0.0
3;34000;ROSES;14344;78;;;;;14346;78;;;;;14345.0;0.0
3;34100;ROSES;14346;67;;;;;14348;60;;;;;14347.0;0.0
3;34200;ROSES;14348;75;;;;;14350;75;;;;;14349.0;0.0
3;34300;ROSES;14350;70;;;;;14352;70;;;;;14351.0;0.0
3;34400;ROSES;14347;63;;;;;14349;63;;;;;14348.0;0.0
3;34500;ROSES;14344;61;;;;;14346;61;;;;;14345.0;0.0
3;34600;ROSES;14345;17;14344.0;44.0;;;14346;61;;;;;14345.0;0.0
3;34700;ROSES;14347;64;;;;;14349;64;;;;;14348.0;0.0
3;34800;ROSES;14347;47;;;;;14348;15;14349.0;32.0;;;14348.0;0.0
3;34900;ROSES;14345;60;;;;;14346;19;14347.0;41.0;;;14346.0;0.0
3;35000;ROSES;14343;68;;;;;14345;68;;;;;14344.0;0.0
3;35100;ROSES;14342;65;;;;;14343;18;14344.0;47.0;;;14343.0;0.0
3;35200;ROSES;14340;77;;;;;14342;77;;;;;14341.0;0.0
3;35300;ROSES;14337;67;;;;;14339;67;;;;;14338.0;0.0
3;35400;ROSES;14342;24;14341.0;44.0;;;14343;68;;;;;14342.0;0.0
3;35500;ROSES;14342;58;;;;;14343;58;;;;;14342.5;0.0
3;35600;ROSES;14337;65;;;;;14339;65;;;;;14338.0;0.0
3;35700;ROSES;14338;72;;;;;14339;72;;;;;14338.5;0.0
3;35800;ROSES;14339;53;;;;;14340;17;14341.0;36.0;;;14340.0;0.0
3;35900;ROSES;14341;71;;;;;14343;71;;;;;14342.0;0.0
3;36000;ROSES;14338;72;;;;;14340;72;;;;;14339.0;0.0
3;36100;ROSES;14333;63;;;;;14335;63;;;;;14334.0;0.0
3;36200;ROSES;14339;48;;;;;14341;48;;;;;14340.0;0.0
3;36300;ROSES;14336;51;;;;;14337;51;;;;;14336.5;0.0
3;36400;ROSES;14332;55;;;;;14333;55;;;;;14332.5;0.0
3;36500;ROSES;14332;60;;;;;14334;60;;;;;14333.0;0.0
3;36600;ROSES;14335;65;;;;;14337;65;;;;;14336.0;0.0
3;36700;ROSES;14338;56;;;;;14339;56;;;;;14338.5;0.0
3;36800;ROSES;14336;24;14335.0;45.0;;;14337;69;;;;;14336.0;0.0
3;36900;ROSES;14336;27;14335.0;48.0;;;14337;75;;;;;14336.0;0.0
3;37000;ROSES;14333;59;;;;;14335;59;;;;;14334.0;0.0
3;37100;ROSES;14333;57;;;;;14335;57;;;;;14334.0;0.0
3;37200;ROSES;14331;48;;;;;14333;48;;;;;14332.0;0.0
3;37300;ROSES;14338;69;;;;;14339;21;14340.0;48.0;;;14339.0;0.0
3;37400;ROSES;14341;66;;;;;14343;66;;;;;14342.0;0.0
3;37500;ROSES;14341;27;14340.0;32.0;;;14342;59;;;;;14341.0;0.0
3;37600;ROSES;14340;69;;;;;14341;27;14342.0;42.0;;;14341.0;0.0
3;37700;ROSES;14344;63;;;;;14345;63;;;;;14344.5;0.0
3;37800;ROSES;14342;45;;;;;14343;45;;;;;14342.5;0.0
3;37900;ROSES;14341;62;;;;;14342;62;;;;;14341.5;0.0
3;38000;ROSES;14340;16;14339.0;30.0;;;14341;46;;;;;14340.0;0.0
3;38100;ROSES;14340;18;14339.0;44.0;;;14341;62;;;;;14340.0;0.0
3;38200;ROSES;14344;66;;;;;14345;17;14346.0;49.0;;;14345.0;0.0
3;38300;ROSES;14342;63;;;;;14344;63;;;;;14343.0;0.0
3;38400;ROSES;14339;62;;;;;14340;62;;;;;14339.5;0.0
3;38500;ROSES;14336;18;14335.0;47.0;;;14337;65;;;;;14336.0;0.0
3;38600;ROSES;14334;60;;;;;14335;60;;;;;14334.5;0.0
3;38700;ROSES;14330;79;;;;;14331;79;;;;;14330.5;0.0
3;38800;ROSES;14326;55;;;;;14328;55;;;;;14327.0;0.0
3;38900;ROSES;14324;66;;;;;14325;27;14326.0;39.0;;;14325.0;0.0
3;39000;ROSES;14325;77;;;;;14327;77;;;;;14326.0;0.0
3;39100;ROSES;14326;64;;;;;14327;64;;;;;14326.5;0.0
3;39200;ROSES;14325;68;;;;;14326;68;;;;;14325.5;0.0
3;39300;ROSES;14326;24;14325.0;39.0;;;14327;63;;;;;14326.0;0.0
3;39400;ROSES;14326;25;14325.0;44.0;;;14327;69;;;;;14326.0;0.0
3;39500;ROSES;14325;58;;;;;14327;58;;;;;14326.0;0.0
3;39600;ROSES;14323;51;;;;;14324;51;;;;;14323.5;0.0
3;39700;ROSES;14325;55;;;;;14326;55;;;;;14325.5;0.0
3;39800;ROSES;14325;26;14324.0;43.0;;;14326;69;;;;;14325.0;0.0
3;39900;ROSES;14324;62;;;;;14325;62;;;;;14324.5;0.0
3;40000;ROSES;14323;63;;;;;14324;63;;;;;14323.5;0.0
3;40100;ROSES;14323;59;;;;;14324;19;14325.0;40.0;;;14324.0;0.0
3;40200;ROSES;14323;16;14322.0;35.0;;;14324;51;;;;;14323.0;0.0
3;40300;ROSES;14319;56;;;;;14321;56;;;;;14320.0;0.0
3;40400;ROSES;14317;57;;;;;14319;57;;;;;14318.0;0.0
3;40500;ROSES;14314;67;;;;;14315;18;14316.0;49.0;;;14315.0;0.0
3;40600;ROSES;14306;72;;;;;14307;27;14308.0;45.0;;;14307.0;0.0
3;40700;ROSES;14302;66;;;;;14304;66;;;;;14303.0;0.0
3;40800;ROSES;14309;62;;;;;14311;62;;;;;14310.0;0.0
3;40900;ROSES;14304;65;;;;;14306;65;;;;;14305.0;0.0
3;41000;ROSES;14304;74;;;;;14305;74;;;;;14304.5;0.0
3;41100;ROSES;14306;63;;;;;14307;63;;;;;14306.5;0.0
3;41200;ROSES;14305;58;;;;;14306;28;14307.0;30.0;;;14306.0;0.0
3;41300;ROSES;14305;75;;;;;14306;75;;;;;14305.5;0.0
3;41400;ROSES;14302;63;;;;;14303;63;;;;;14302.5;0.0
3;41500;ROSES;14300;48;;;;;14301;48;;;;;14300.5;0.0
3;41600;ROSES;14298;17;14297.0;37.0;;;14299;54;;;;;14298.0;0.0
3;41700;ROSES;14294;66;;;;;14296;66;;;;;14295.0;0.0
3;41800;ROSES;14294;70;;;;;14295;70;;;;;14294.5;0.0
3;41900;ROSES;14295;65;;;;;14297;65;;;;;14296.0;0.0
3;42000;ROSES;14298;23;14297.0;37.0;;;14299;60;;;;;14298.0;0.0
3;42100;ROSES;14302;71;;;;;14303;25;14304.0;46.0;;;14303.0;0.0
3;42200;ROSES;14304;21;14303.0;38.0;;;14305;59;;;;;14304.0;0.0
3;42300;ROSES;14312;65;;;;;14314;65;;;;;14313.0;0.0
3;42400;ROSES;14313;74;;;;;14314;74;;;;;14313.5;0.0
3;42500;ROSES;14310;69;;;;;14311;69;;;;;14310.5;0.0
3;42600;ROSES;14306;55;;;;;14307;55;;;;;14306.5;0.0
3;42700;ROSES;14306;66;;;;;14308;66;;;;;14307.0;0.0
3;42800;ROSES;14309;24;14308.0;39.0;;;14310;63;;;;;14309.0;0.0
3;42900;ROSES;14311;59;;;;;14312;18;14313.0;41.0;;;14312.0;0.0
3;43000;ROSES;14311;59;;;;;14313;59;;;;;14312.0;0.0
3;43100;ROSES;14315;64;;;;;14316;64;;;;;14315.5;0.0
3;43200;ROSES;14315;62;;;;;14316;62;;;;;14315.5;0.0
3;43300;ROSES;14314;58;;;;;14315;58;;;;;14314.5;0.0
3;43400;ROSES;14313;62;;;;;14315;62;;;;;14314.0;0.0
3;43500;ROSES;14314;18;14313.0;46.0;;;14315;64;;;;;14314.0;0.0
3;43600;ROSES;14315;66;;;;;14317;66;;;;;14316.0;0.0
3;43700;ROSES;14312;55;;;;;14313;55;;;;;14312.5;0.0
3;43800;ROSES;14309;56;;;;;14310;21;14311.0;35.0;;;14310.0;0.0
3;43900;ROSES;14312;59;;;;;14314;59;;;;;14313.0;0.0
3;44000;ROSES;14311;62;;;;;14313;62;;;;;14312.0;0.0
3;44100;ROSES;14314;69;;;;;14316;69;;;;;14315.0;0.0
3;44200;ROSES;14316;72;;;;;14318;72;;;;;14317.0;0.0
3;44300;ROSES;14317;63;;;;;14318;20;14319.0;43.0;;;14318.0;0.0
3;44400;ROSES;14320;60;;;;;14322;60;;;;;14321.0;0.0
3;44500;ROSES;14320;59;;;;;14321;59;;;;;14320.5;0.0
3;44600;ROSES;14322;57;;;;;14323;60;;;;;14322.5;0.0
3;44700;ROSES;14324;63;;;;;14325;30;14326.0;33.0;;;14325.0;0.0
3;44800;ROSES;14327;73;;;;;14328;73;;;;;14327.5;0.0
3;44900;ROSES;14324;66;;;;;14326;66;;;;;14325.0;0.0
3;45000;ROSES;14324;68;;;;;14326;68;;;;;14325.0;0.0
3;45100;ROSES;14328;59;;;;;14330;59;;;;;14329.0;0.0
3;45200;ROSES;14330;61;;;;;14332;61;;;;;14331.0;0.0
3;45300;ROSES;14334;79;;;;;14335;29;14336.0;50.0;;;14335.0;0.0
3;45400;ROSES;14338;64;;;;;14340;64;;;;;14339.0;0.0
3;45500;ROSES;14337;58;;;;;14338;58;;;;;14337.5;0.0
3;45600;ROSES;14337;47;;;;;14338;47;;;;;14337.5;0.0
3;45700;ROSES;14341;60;;;;;14342;60;;;;;14341.5;0.0
3;45800;ROSES;14342;58;;;;;14344;58;;;;;14343.0;0.0
3;45900;ROSES;14340;61;;;;;14341;20;14342.0;41.0;;;14341.0;0.0
3;46000;ROSES;14341;69;;;;;14343;69;;;;;14342.0;0.0
3;46100;ROSES;14343;26;14342.0;32.0;;;14344;58;;;;;14343.0;0.0
3;46200;ROSES;14341;60;;;;;14342;26;14343.0;34.0;;;14342.0;0.0
3;46300;ROSES;14340;64;;;;;14341;15;14342.0;49.0;;;14341.0;0.0
3;46400;ROSES;14343;73;;;;;14344;73;;;;;14343.5;0.0
3;46500;ROSES;14345;56;;;;;14346;56;;;;;14345.5;0.0
3;46600;ROSES;14342;64;;;;;14343;64;;;;;14342.5;0.0
3;46700;ROSES;14339;51;;;;;14341;51;;;;;14340.0;0.0
3;46800;ROSES;14339;18;14338.0;38.0;;;14340;56;;;;;14339.0;0.0
3;46900;ROSES;14339;29;14338.0;41.0;;;14340;70;;;;;14339.0;0.0
3;47000;ROSES;14339;27;14338.0;46.0;;;14340;73;;;;;14339.0;0.0
3;47100;ROSES;14336;64;;;;;14338;64;;;;;14337.0;0.0
3;47200;ROSES;14337;55;;;;;14338;25;14339.0;30.0;;;14338.0;0.0
3;47300;ROSES;14332;20;14331.0;42.0;;;14333;62;;;;;14332.0;0.0
3;47400;ROSES;14329;47;;;;;14331;47;;;;;14330.0;0.0
3;47500;ROSES;14329;55;;;;;14331;55;;;;;14330.0;0.0
3;47600;ROSES;14329;53;;;;;14331;53;;;;;14330.0;0.0
3;47700;ROSES;14329;55;;;;;14330;16;14331.0;39.0;;;14330.0;0.0
3;47800;ROSES;14330;75;;;;;14331;26;14332.0;49.0;;;14331.0;0.0
3;47900;ROSES;14331;29;14330.0;35.0;;;14332;64;;;;;14331.0;0.0
3;48000;ROSES;14330;63;;;;;14331;63;;;;;14330.5;0.0
3;48100;ROSES;14334;58;;;;;14335;25;14336.0;33.0;;;14335.0;0.0
3;48200;ROSES;14334;62;;;;;14335;62;;;;;14334.5;0.0
3;48300;ROSES;14341;67;;;;;14342;67;;;;;14341.5;0.0
3;48400;ROSES;14336;65;;;;;14338;65;;;;;14337.0;0.0
3;48500;ROSES;14339;48;;;;;14340;48;;;;;14339.5;0.0
3;48600;ROSES;14335;58;;;;;14337;58;;;;;14336.0;0.0
3;48700;ROSES;14331;55;;;;;14332;55;;;;;14331.5;0.0
3;48800;ROSES;14328;58;;;;;14329;22;14330.0;36.0;;;14329.0;0.0
3;48900;ROSES;14320;62;;;;;14321;26;14322.0;36.0;;;14321.0;0.0
3;49000;ROSES;14319;22;14318.0;43.0;;;14320;65;;;;;14319.0;0.0
3;49100;ROSES;14318;60;;;;;14320;60;;;;;14319.0;0.0
3;49200;ROSES;14316;17;14315.0;48.0;;;14317;65;;;;;14316.0;0.0
3;49300;ROSES;14314;61;;;;;14316;61;;;;;14315.0;0.0
3;49400;ROSES;14316;22;14315.0;50.0;;;14317;72;;;;;14316.0;0.0
3;49500;ROSES;14314;62;;;;;14315;62;;;;;14314.5;0.0
3;49600;ROSES;14316;61;;;;;14318;61;;;;;14317.0;0.0
3;49700;ROSES;14314;73;;;;;14316;73;;;;;14315.0;0.0
3;49800;ROSES;14319;75;;;;;14321;75;;;;;14320.0;0.0
3;49900;ROSES;14319;61;;;;;14321;61;;;;;14320.0;0.0
3;50000;ROSES;14316;19;14315.0;36.0;;;14317;55;;;;;14316.0;0.0
3;50100;ROSES;14317;62;;;;;14319;62;;;;;14318.0;0.0
3;50200;ROSES;14318;65;;;;;14319;21;14320.0;44.0;;;14319.0;0.0
3;50300;ROSES;14314;59;;;;;14315;59;;;;;14314.5;0.0
3;50400;ROSES;14319;79;;;;;14321;79;;;;;14320.0;0.0
3;50500;ROSES;14318;55;;;;;14319;15;14320.0;40.0;;;14319.0;0.0
3;50600;ROSES;14320;19;14319.0;37.0;;;14321;56;;;;;14320.0;0.0
3;50700;ROSES;14327;62;;;;;14328;20;14329.0;42.0;;;14328.0;0.0
3;50800;ROSES;14325;74;;;;;14326;26;14327.0;48.0;;;14326.0;0.0
3;50900;ROSES;14323;60;;;;;14324;22;14325.0;38.0;;;14324.0;0.0
3;51000;ROSES;14324;62;;;;;14326;62;;;;;14325.0;0.0
3;51100;ROSES;14318;47;;;;;14319;51;;;;;14318.5;0.0
3;51200;ROSES;14321;77;;;;;14322;77;;;;;14321.5;0.0
3;51300;ROSES;14318;64;;;;;14320;64;;;;;14319.0;0.0
3;51400;ROSES;14322;68;;;;;14324;68;;;;;14323.0;0.0
3;51500;ROSES;14326;69;;;;;14327;69;;;;;14326.5;0.0
3;51600;ROSES;14323;62;;;;;14324;62;;;;;14323.5;0.0
3;51700;ROSES;14319;65;;;;;14320;30;14321.0;35.0;;;14320.0;0.0
3;51800;ROSES;14323;23;14322.0;41.0;;;14324;64;;;;;14323.0;0.0
3;51900;ROSES;14319;66;;;;;14320;26;14321.0;40.0;;;14320.0;0.0
3;52000;ROSES;14319;64;;;;;14321;64;;;;;14320.0;0.0
3;52100;ROSES;14321;22;14320.0;45.0;;;14322;67;;;;;14321.0;0.0
3;52200;ROSES;14323;66;;;;;14324;21;14325.0;45.0;;;14324.0;0.0
3;52300;ROSES;14323;63;;;;;14324;28;14325.0;35.0;;;14324.0;0.0
3;52400;ROSES;14321;62;;;;;14322;62;;;;;14321.5;0.0
3;52500;ROSES;14323;61;;;;;14325;61;;;;;14324.0;0.0
3;52600;ROSES;14325;19;14324.0;40.0;;;14326;59;;;;;14325.0;0.0
3;52700;ROSES;14328;15;14327.0;30.0;;;14329;45;;;;;14328.0;0.0
3;52800;ROSES;14325;70;;;;;14326;70;;;;;14325.5;0.0
3;52900;ROSES;14329;70;;;;;14330;27;14331.0;43.0;;;14330.0;0.0
3;53000;ROSES;14331;30;14330.0;30.0;;;14332;60;;;;;14331.5;0.0
3;53100;ROSES;14330;65;;;;;14331;65;;;;;14330.5;0.0
3;53200;ROSES;14332;20;14331.0;41.0;;;14333;61;;;;;14332.0;0.0
3;53300;ROSES;14331;56;;;;;14333;56;;;;;14332.0;0.0
3;53400;ROSES;14326;78;;;;;14328;78;;;;;14327.0;0.0
3;53500;ROSES;14325;24;14324.0;49.0;;;14326;73;;;;;14325.0;0.0
3;53600;ROSES;14326;29;14325.0;45.0;;;14327;74;;;;;14326.0;0.0
3;53700;ROSES;14326;57;;;;;14328;57;;;;;14327.0;0.0
3;53800;ROSES;14327;68;;;;;14328;68;;;;;14327.5;0.0
3;53900;ROSES;14325;60;;;;;14326;60;;;;;14325.5;0.0
3;54000;ROSES;14322;62;;;;;14323;29;14324.0;33.0;;;14323.0;0.0
3;54100;ROSES;14321;63;;;;;14322;63;;;;;14321.5;0.0
3;54200;ROSES;14321;59;;;;;14323;59;;;;;14322.0;0.0
3;54300;ROSES;14321;68;;;;;14322;27;14323.0;41.0;;;14322.0;0.0
3;54400;ROSES;14322;58;;;;;14323;58;;;;;14322.5;0.0
3;54500;ROSES;14320;57;;;;;14321;15;14322.0;42.0;;;14321.0;0.0
3;54600;ROSES;14318;58;;;;;14320;58;;;;;14319.0;0.0
3;54700;ROSES;14317;68;;;;;14318;58;;;;;14317.5;0.0
3;54800;ROSES;14316;65;;;;;14317;65;;;;;14316.5;0.0
3;54900;ROSES;14314;65;;;;;14316;65;;;;;14315.0;0.0
3;55000;ROSES;14314;65;;;;;14315;18;14316.0;47.0;;;14315.0;0.0
3;55100;ROSES;14313;51;;;;;14314;51;;;;;14313.5;0.0
3;55200;ROSES;14316;66;;;;;14318;66;;;;;14317.0;0.0
3;55300;ROSES;14314;62;;;;;14316;62;;;;;14315.0;0.0
3;55400;ROSES;14312;67;;;;;14313;67;;;;;14312.5;0.0
3;55500;ROSES;14313;57;;;;;14314;57;;;;;14313.5;0.0
3;55600;ROSES;14317;51;;;;;14319;51;;;;;14318.0;0.0
3;55700;ROSES;14317;68;;;;;14318;27;14319.0;41.0;;;14318.0;0.0
3;55800;ROSES;14314;28;14313.0;49.0;;;14315;77;;;;;14314.0;0.0
3;55900;ROSES;14316;60;;;;;14317;60;;;;;14316.5;0.0
3;56000;ROSES;14313;49;;;;;14314;49;;;;;14313.5;0.0
3;56100;ROSES;14313;23;14312.0;44.0;;;14314;67;;;;;14313.0;0.0
3;56200;ROSES;14312;52;;;;;14313;52;;;;;14312.5;0.0
3;56300;ROSES;14309;22;14308.0;34.0;;;14310;56;;;;;14309.0;0.0
3;56400;ROSES;14311;66;;;;;14312;66;;;;;14311.5;0.0
3;56500;ROSES;14312;21;14311.0;31.0;;;14313;52;;;;;14312.0;0.0
3;56600;ROSES;14311;62;;;;;14313;62;;;;;14312.0;0.0
3;56700;ROSES;14312;64;;;;;14313;64;;;;;14312.5;0.0
3;56800;ROSES;14309;18;14308.0;46.0;;;14310;64;;;;;14309.0;0.0
3;56900;ROSES;14308;64;;;;;14309;64;;;;;14308.5;0.0
3;57000;ROSES;14309;21;14308.0;43.0;;;14310;64;;;;;14309.0;0.0
3;57100;ROSES;14311;15;14310.0;33.0;;;14312;48;;;;;14311.0;0.0
3;57200;ROSES;14305;47;;;;;14307;47;;;;;14306.0;0.0
3;57300;ROSES;14307;17;14306.0;44.0;;;14308;61;;;;;14307.0;0.0
3;57400;ROSES;14304;20;14303.0;37.0;;;14305;57;;;;;14304.0;0.0
3;57500;ROSES;14298;74;;;;;14299;74;;;;;14298.5;0.0
3;57600;ROSES;14300;60;;;;;14301;60;;;;;14300.5;0.0
3;57700;ROSES;14303;69;;;;;14304;69;;;;;14303.5;0.0
3;57800;ROSES;14300;64;;;;;14301;20;14302.0;44.0;;;14301.0;0.0
3;57900;ROSES;14302;52;;;;;14303;19;14304.0;33.0;;;14303.0;0.0
3;58000;ROSES;14302;59;;;;;14304;59;;;;;14303.0;0.0
3;58100;ROSES;14304;74;;;;;14306;74;;;;;14305.0;0.0
3;58200;ROSES;14310;22;14309.0;47.0;;;14311;69;;;;;14310.0;0.0
3;58300;ROSES;14313;57;;;;;14314;57;;;;;14313.5;0.0
3;58400;ROSES;14313;53;;;;;14315;53;;;;;14314.0;0.0
3;58500;ROSES;14310;60;;;;;14311;17;14312.0;43.0;;;14311.0;0.0
3;58600;ROSES;14308;62;;;;;14309;26;14310.0;36.0;;;14309.0;0.0
3;58700;ROSES;14307;52;;;;;14308;17;14309.0;35.0;;;14308.0;0.0
3;58800;ROSES;14305;59;;;;;14307;59;;;;;14306.0;0.0
3;58900;ROSES;14306;76;;;;;14308;76;;;;;14307.0;0.0
3;59000;ROSES;14308;53;;;;;14309;22;14310.0;31.0;;;14309.0;0.0
3;59100;ROSES;14313;61;;;;;14314;15;14315.0;43.0;;;14314.0;0.0
3;59200;ROSES;14316;61;;;;;14318;61;;;;;14317.0;0.0
3;59300;ROSES;14313;22;14312.0;44.0;;;14314;66;;;;;14313.0;0.0
3;59400;ROSES;14320;24;14319.0;48.0;;;14321;72;;;;;14320.0;0.0
3;59500;ROSES;14319;66;;;;;14321;66;;;;;14320.0;0.0
3;59600;ROSES;14318;61;;;;;14320;61;;;;;14319.0;0.0
3;59700;ROSES;14313;64;;;;;14315;64;;;;;14314.0;0.0
3;59800;ROSES;14314;76;;;;;14315;76;;;;;14314.5;0.0
3;59900;ROSES;14320;60;;;;;14321;19;14322.0;41.0;;;14321.0;0.0
3;60000;ROSES;14320;58;;;;;14321;20;14322.0;38.0;;;14321.0;0.0
3;60100;ROSES;14322;28;14321.0;36.0;;;14323;64;;;;;14322.0;0.0
3;60200;ROSES;14323;58;;;;;14324;58;;;;;14323.5;0.0
3;60300;ROSES;14326;55;;;;;14327;55;;;;;14326.5;0.0
3;60400;ROSES;14324;53;;;;;14325;53;;;;;14324.5;0.0
3;60500;ROSES;14322;23;14321.0;33.0;;;14323;56;;;;;14322.0;0.0
3;60600;ROSES;14323;63;;;;;14325;63;;;;;14324.0;0.0
3;60700;ROSES;14326;65;;;;;14327;26;14328.0;39.0;;;14327.0;0.0
3;60800;ROSES;14324;59;;;;;14326;59;;;;;14325.0;0.0
3;60900;ROSES;14325;62;;;;;14327;62;;;;;14326.0;0.0
3;61000;ROSES;14328;61;;;;;14330;61;;;;;14329.0;0.0
3;61100;ROSES;14329;70;;;;;14331;70;;;;;14330.0;0.0
3;61200;ROSES;14328;62;;;;;14329;25;14330.0;37.0;;;14329.0;0.0
3;61300;ROSES;14334;52;;;;;14335;15;14336.0;37.0;;;14335.0;0.0
3;61400;ROSES;14338;65;;;;;14339;27;14340.0;38.0;;;14339.0;0.0
3;61500;ROSES;14340;46;;;;;14341;15;14342.0;31.0;;;14341.0;0.0
3;61600;ROSES;14340;15;14339.0;42.0;;;14341;57;;;;;14340.0;0.0
3;61700;ROSES;14336;60;;;;;14338;60;;;;;14337.0;0.0
3;61800;ROSES;14335;53;;;;;14336;17;14337.0;36.0;;;14336.0;0.0
3;61900;ROSES;14335;64;;;;;14337;64;;;;;14336.0;0.0
3;62000;ROSES;14333;23;14332.0;50.0;;;14334;73;;;;;14333.0;0.0
3;62100;ROSES;14336;25;14335.0;30.0;;;14337;55;;;;;14336.0;0.0
3;62200;ROSES;14332;76;;;;;14333;27;14334.0;49.0;;;14333.0;0.0
3;62300;ROSES;14337;18;14336.0;50.0;;;14338;68;;;;;14337.0;0.0
3;62400;ROSES;14336;25;14335.0;38.0;;;14337;63;;;;;14336.0;0.0
3;62500;ROSES;14334;16;14333.0;38.0;;;14335;54;;;;;14334.0;0.0
3;62600;ROSES;14333;53;;;;;14334;53;;;;;14333.5;0.0
3;62700;ROSES;14334;53;;;;;14336;53;;;;;14335.0;0.0
3;62800;ROSES;14337;64;;;;;14338;21;14339.0;43.0;;;14338.0;0.0
3;62900;ROSES;14334;62;;;;;14335;28;14336.0;34.0;;;14335.0;0.0
3;63000;ROSES;14336;73;;;;;14337;26;14338.0;47.0;;;14337.0;0.0
3;63100;ROSES;14335;59;;;;;14336;59;;;;;14335.5;0.0
3;63200;ROSES;14331;59;;;;;14332;27;14333.0;32.0;;;14332.0;0.0
3;63300;ROSES;14328;62;;;;;14329;62;;;;;14328.5;0.0
3;63400;ROSES;14331;72;;;;;14333;72;;;;;14332.0;0.0
3;63500;ROSES;14328;22;14327.0;31.0;;;14329;53;;;;;14328.0;0.0
3;63600;ROSES;14326;59;;;;;14327;59;;;;;14326.5;0.0
3;63700;ROSES;14326;67;;;;;14327;67;;;;;14326.5;0.0
3;63800;ROSES;14330;56;;;;;14331;23;14332.0;33.0;;;14331.0;0.0
3;63900;ROSES;14324;65;;;;;14325;17;14326.0;48.0;;;14325.0;0.0
3;64000;ROSES;14325;30;14324.0;50.0;;;14326;80;;;;;14325.0;0.0
3;64100;ROSES;14325;63;;;;;14326;63;;;;;14325.5;0.0
3;64200;ROSES;14320;63;;;;;14322;63;;;;;14321.0;0.0
3;64300;ROSES;14319;50;;;;;14320;19;14321.0;31.0;;;14320.0;0.0
3;64400;ROSES;14318;69;;;;;14319;28;14320.0;41.0;;;14319.0;0.0
3;64500;ROSES;14320;25;14319.0;46.0;;;14321;71;;;;;14320.0;0.0
3;64600;ROSES;14319;23;14318.0;48.0;;;14320;71;;;;;14319.0;0.0
3;64700;ROSES;14317;64;;;;;14318;15;14319.0;49.0;;;14318.0;0.0
3;64800;ROSES;14318;15;14317.0;36.0;;;14319;51;;;;;14318.0;0.0
3;64900;ROSES;14321;29;14320.0;32.0;;;14322;61;;;;;14321.0;0.0
3;65000;ROSES;14317;78;;;;;14318;69;;;;;14317.5;0.0
3;65100;ROSES;14317;51;;;;;14318;17;14319.0;34.0;;;14318.0;0.0
3;65200;ROSES;14316;65;;;;;14318;65;;;;;14317.0;0.0
3;65300;ROSES;14316;57;;;;;14317;19;14318.0;38.0;;;14317.0;0.0
3;65400;ROSES;14319;18;14318.0;41.0;;;14320;59;;;;;14319.0;0.0
3;65500;ROSES;14317;64;;;;;14318;64;;;;;14317.5;0.0
3;65600;ROSES;14313;30;14312.0;39.0;;;14314;69;;;;;14313.0;0.0
3;65700;ROSES;14312;63;;;;;14313;28;14314.0;35.0;;;14313.0;0.0
3;65800;ROSES;14308;59;;;;;14310;59;;;;;14309.0;0.0
3;65900;ROSES;14313;65;;;;;14314;65;;;;;14313.5;0.0
3;66000;ROSES;14317;21;14316.0;37.0;;;14318;58;;;;;14317.0;0.0
3;66100;ROSES;14314;18;14313.0;32.0;;;14315;53;;;;;14314.0;0.0
3;66200;ROSES;14314;17;14313.0;50.0;;;14315;67;;;;;14314.0;0.0
3;66300;ROSES;14309;57;;;;;14310;57;;;;;14309.5;0.0
3;66400;ROSES;14308;61;;;;;14310;61;;;;;14309.0;0.0
3;66500;ROSES;14307;75;;;;;14308;75;;;;;14307.5;0.0
3;66600;ROSES;14312;73;;;;;14313;23;14314.0;50.0;;;14313.0;0.0
3;66700;ROSES;14313;69;;;;;14315;69;;;;;14314.0;0.0
3;66800;ROSES;14314;72;;;;;14315;26;14316.0;46.0;;;14315.0;0.0
3;66900;ROSES;14317;65;;;;;14318;27;14319.0;38.0;;;14318.0;0.0
3;67000;ROSES;14316;64;;;;;14317;64;;;;;14316.5;0.0
3;67100;ROSES;14318;62;;;;;14319;62;;;;;14318.5;0.0
3;67200;ROSES;14316;77;;;;;14317;77;;;;;14316.5;0.0
3;67300;ROSES;14314;74;;;;;14315;25;14316.0;49.0;;;14315.0;0.0
3;67400;ROSES;14319;61;;;;;14321;61;;;;;14320.0;0.0
3;67500;ROSES;14312;24;14311.0;36.0;;;14313;60;;;;;14312.0;0.0
3;67600;ROSES;14313;49;;;;;14314;19;14315.0;30.0;;;14314.0;0.0
3;67700;ROSES;14311;56;;;;;14312;19;14313.0;37.0;;;14312.0;0.0
3;67800;ROSES;14314;20;14313.0;47.0;;;14315;67;;;;;14314.0;0.0
3;67900;ROSES;14311;59;;;;;14313;59;;;;;14312.0;0.0
3;68000;ROSES;14312;52;;;;;14313;52;;;;;14312.5;0.0
3;68100;ROSES;14308;56;;;;;14309;21;14310.0;35.0;;;14309.0;0.0
3;68200;ROSES;14311;80;;;;;14312;30;14313.0;50.0;;;14312.0;0.0
3;68300;ROSES;14309;53;;;;;14310;53;;;;;14309.5;0.0
3;68400;ROSES;14305;57;;;;;14306;57;;;;;14305.5;0.0
3;68500;ROSES;14296;75;;;;;14297;75;;;;;14296.5;0.0
3;68600;ROSES;14291;19;14290.0;31.0;;;14292;50;;;;;14291.0;0.0
3;68700;ROSES;14293;18;14292.0;48.0;;;14294;66;;;;;14293.0;0.0
3;68800;ROSES;14289;61;;;;;14290;61;;;;;14289.5;0.0
3;68900;ROSES;14285;61;;;;;14286;18;14287.0;43.0;;;14286.0;0.0
3;69000;ROSES;14285;45;;;;;14286;15;14287.0;30.0;;;14286.0;0.0
3;69100;ROSES;14284;74;;;;;14286;74;;;;;14285.0;0.0
3;69200;ROSES;14285;77;;;;;14286;77;;;;;14285.5;0.0
3;69300;ROSES;14284;48;;;;;14285;59;;;;;14284.5;0.0
3;69400;ROSES;14289;72;;;;;14290;72;;;;;14289.5;0.0
3;69500;ROSES;14285;64;;;;;14287;64;;;;;14286.0;0.0
3;69600;ROSES;14283;72;;;;;14285;72;;;;;14284.0;0.0
3;69700;ROSES;14283;26;14282.0;32.0;;;14284;58;;;;;14283.0;0.0
3;69800;ROSES;14284;57;;;;;14285;26;14286.0;31.0;;;14285.0;0.0
3;69900;ROSES;14288;57;;;;;14289;26;14290.0;31.0;;;14289.0;0.0
3;70000;ROSES;14288;52;;;;;14289;22;14290.0;37.0;;;14289.0;0.0
3;70100;ROSES;14290;69;;;;;14292;69;;;;;14291.0;0.0
3;70200;ROSES;14291;56;;;;;14293;56;;;;;14292.0;0.0
3;70300;ROSES;14300;23;14299.0;40.0;;;14301;63;;;;;14300.0;0.0
3;70400;ROSES;14298;23;14297.0;50.0;;;14299;73;;;;;14298.0;0.0
3;70500;ROSES;14301;71;;;;;14303;71;;;;;14302.0;0.0
3;70600;ROSES;14301;72;;;;;14303;72;;;;;14302.0;0.0
3;70700;ROSES;14302;55;;;;;14303;55;;;;;14302.5;0.0
3;70800;ROSES;14304;56;;;;;14305;56;;;;;14304.5;0.0
3;70900;ROSES;14307;68;;;;;14309;68;;;;;14308.0;0.0
3;71000;ROSES;14305;64;;;;;14307;64;;;;;14306.0;0.0
3;71100;ROSES;14305;59;;;;;14306;59;;;;;14305.5;0.0
3;71200;ROSES;14302;67;;;;;14303;26;14304.0;41.0;;;14303.0;0.0
3;71300;ROSES;14295;28;14294.0;43.0;;;14296;71;;;;;14295.0;0.0
3;71400;ROSES;14300;61;;;;;14302;61;;;;;14301.0;0.0
3;71500;ROSES;14301;77;;;;;14302;77;;;;;14301.5;0.0
3;71600;ROSES;14301;17;14300.0;35.0;;;14302;52;;;;;14301.0;0.0
3;71700;ROSES;14298;48;;;;;14299;18;14300.0;30.0;;;14299.0;0.0
3;71800;ROSES;14297;66;;;;;14299;66;;;;;14298.0;0.0
3;71900;ROSES;14298;60;;;;;14300;60;;;;;14299.0;0.0
3;72000;ROSES;14302;61;;;;;14303;61;;;;;14302.5;0.0
3;72100;ROSES;14302;75;;;;;14304;75;;;;;14303.0;0.0
3;72200;ROSES;14303;71;;;;;14304;71;;;;;14303.5;0.0
3;72300;ROSES;14300;18;14299.0;48.0;;;14301;66;;;;;14300.0;0.0
3;72400;ROSES;14298;64;;;;;14299;64;;;;;14298.5;0.0
3;72500;ROSES;14298;66;;;;;14299;66;;;;;14298.5;0.0
3;72600;ROSES;14292;55;;;;;14294;55;;;;;14293.0;0.0
3;72700;ROSES;14291;63;;;;;14292;63;;;;;14291.5;0.0
3;72800;ROSES;14291;63;;;;;14292;63;;;;;14291.5;0.0
3;72900;ROSES;14295;79;;;;;14297;79;;;;;14296.0;0.0
3;73000;ROSES;14290;73;;;;;14292;73;;;;;14291.0;0.0
3;73100;ROSES;14286;61;;;;;14288;61;;;;;14287.0;0.0
3;73200;ROSES;14289;28;14288.0;34.0;;;14290;62;;;;;14289.0;0.0
3;73300;ROSES;14282;22;14281.0;32.0;;;14283;54;;;;;14282.0;0.0
3;73400;ROSES;14288;71;;;;;14289;71;;;;;14288.5;0.0
3;73500;ROSES;14288;67;;;;;14290;67;;;;;14289.0;0.0
3;73600;ROSES;14291;70;;;;;14292;70;;;;;14291.5;0.0
3;73700;ROSES;14292;77;;;;;14294;77;;;;;14293.0;0.0
3;73800;ROSES;14288;24;14287.0;40.0;;;14289;64;;;;;14288.0;0.0
3;73900;ROSES;14289;64;;;;;14290;22;14291.0;42.0;;;14290.0;0.0
3;74000;ROSES;14286;67;;;;;14288;67;;;;;14287.0;0.0
3;74100;ROSES;14286;21;14285.0;37.0;;;14287;58;;;;;14286.0;0.0
3;74200;ROSES;14286;15;14285.0;48.0;;;14287;63;;;;;14286.0;0.0
3;74300;ROSES;14286;69;;;;;14287;29;14288.0;40.0;;;14287.0;0.0
3;74400;ROSES;14288;60;;;;;14290;60;;;;;14289.0;0.0
3;74500;ROSES;14288;59;;;;;14290;59;;;;;14289.0;0.0
3;74600;ROSES;14292;9;14291.0;57.0;;;14293;57;;;;;14292.0;0.0
3;74700;ROSES;14292;78;;;;;14293;29;14294.0;49.0;;;14293.0;0.0
3;74800;ROSES;14291;27;14290.0;37.0;;;14292;64;;;;;14291.0;0.0
3;74900;ROSES;14292;24;14291.0;47.0;;;14293;71;;;;;14292.0;0.0
3;75000;ROSES;14290;61;;;;;14292;61;;;;;14291.0;0.0
3;75100;ROSES;14293;19;14292.0;47.0;;;14294;66;;;;;14293.0;0.0
3;75200;ROSES;14292;8;14291.0;75.0;;;14293;75;;;;;14292.0;0.0
3;75300;ROSES;14290;62;;;;;14292;62;;;;;14291.0;0.0
3;75400;ROSES;14293;76;;;;;14294;27;14295.0;49.0;;;14294.0;0.0
3;75500;ROSES;14288;69;;;;;14289;69;;;;;14288.5;0.0
3;75600;ROSES;14289;56;;;;;14290;19;14291.0;37.0;;;14290.0;0.0
3;75700;ROSES;14288;22;14287.0;45.0;;;14289;67;;;;;14288.0;0.0
3;75800;ROSES;14290;19;14289.0;36.0;;;14291;55;;;;;14290.0;0.0
3;75900;ROSES;14291;66;;;;;14292;28;14293.0;38.0;;;14292.0;0.0
3;76000;ROSES;14288;70;;;;;14290;70;;;;;14289.0;0.0
3;76100;ROSES;14290;29;14289.0;34.0;;;14291;63;;;;;14290.0;0.0
3;76200;ROSES;14294;77;;;;;14295;27;14296.0;50.0;;;14295.0;0.0
3;76300;ROSES;14293;63;;;;;14294;63;;;;;14293.5;0.0
3;76400;ROSES;14295;59;;;;;14296;19;14297.0;40.0;;;14296.0;0.0
3;76500;ROSES;14302;24;14301.0;36.0;;;14303;60;;;;;14302.0;0.0
3;76600;ROSES;14296;72;;;;;14298;72;;;;;14297.0;0.0
3;76700;ROSES;14296;30;14295.0;45.0;;;14297;75;;;;;14296.0;0.0
3;76800;ROSES;14301;28;14300.0;48.0;;;14302;76;;;;;14301.0;0.0
3;76900;ROSES;14300;51;;;;;14301;17;14302.0;34.0;;;14301.0;0.0
3;77000;ROSES;14300;28;14299.0;45.0;;;14301;73;;;;;14300.0;0.0
3;77100;ROSES;14297;15;14296.0;46.0;;;14298;61;;;;;14297.0;0.0
3;77200;ROSES;14289;77;;;;;14290;77;;;;;14289.5;0.0
3;77300;ROSES;14291;78;;;;;14292;78;;;;;14291.5;0.0
3;77400;ROSES;14293;29;14292.0;32.0;;;14294;61;;;;;14293.0;0.0
3;77500;ROSES;14296;59;;;;;14297;22;14298.0;37.0;;;14297.0;0.0
3;77600;ROSES;14298;59;;;;;14299;59;;;;;14298.5;0.0
3;77700;ROSES;14295;76;;;;;14296;76;;;;;14295.5;0.0
3;77800;ROSES;14289;58;;;;;14291;58;;;;;14290.0;0.0
3;77900;ROSES;14290;56;;;;;14291;56;;;;;14290.5;0.0
3;78000;ROSES;14294;61;;;;;14295;61;;;;;14294.5;0.0
3;78100;ROSES;14295;65;;;;;14296;23;14297.0;42.0;;;14296.0;0.0
3;78200;ROSES;14296;62;;;;;14298;62;;;;;14297.0;0.0
3;78300;ROSES;14301;62;;;;;14303;62;;;;;14302.0;0.0
3;78400;ROSES;14300;67;;;;;14301;67;;;;;14300.5;0.0
3;78500;ROSES;14299;54;;;;;14300;21;14301.0;33.0;;;14300.0;0.0
3;78600;ROSES;14302;24;14301.0;45.0;;;14303;69;;;;;14302.0;0.0
3;78700;ROSES;14300;57;;;;;14302;57;;;;;14301.0;0.0
3;78800;ROSES;14298;56;;;;;14300;56;;;;;14299.0;0.0
3;78900;ROSES;14297;74;;;;;14298;74;;;;;14297.5;0.0
3;79000;ROSES;14299;58;;;;;14300;58;;;;;14299.5;0.0
3;79100;ROSES;14296;57;;;;;14298;57;;;;;14297.0;0.0
3;79200;ROSES;14295;80;;;;;14297;80;;;;;14296.0;0.0
3;79300;ROSES;14296;48;;;;;14297;17;14298.0;31.0;;;14297.0;0.0
3;79400;ROSES;14294;26;14293.0;50.0;;;14295;76;;;;;14294.0;0.0
3;79500;ROSES;14292;68;;;;;14293;68;;;;;14292.5;0.0
3;79600;ROSES;14292;67;;;;;14293;5;14294.0;67.0;;;14293.0;0.0
3;79700;ROSES;14293;53;;;;;14294;53;;;;;14293.5;0.0
3;79800;ROSES;14291;52;;;;;14292;52;;;;;14291.5;0.0
3;79900;ROSES;14289;62;;;;;14290;22;14291.0;40.0;;;14290.0;0.0
3;80000;ROSES;14291;62;;;;;14293;62;;;;;14292.0;0.0
3;80100;ROSES;14290;72;;;;;14291;28;14292.0;40.0;;;14291.0;0.0
3;80200;ROSES;14290;59;;;;;14291;59;;;;;14290.5;0.0
3;80300;ROSES;14289;71;;;;;14291;71;;;;;14290.0;0.0
3;80400;ROSES;14287;63;;;;;14289;63;;;;;14288.0;0.0
3;80500;ROSES;14289;51;;;;;14291;51;;;;;14290.0;0.0
3;80600;ROSES;14288;60;;;;;14290;60;;;;;14289.0;0.0
3;80700;ROSES;14283;63;;;;;14285;63;;;;;14284.0;0.0
3;80800;ROSES;14288;63;;;;;14289;63;;;;;14288.5;0.0
3;80900;ROSES;14287;53;;;;;14288;23;14289.0;30.0;;;14288.0;0.0
3;81000;ROSES;14287;55;;;;;14289;55;;;;;14288.0;0.0
3;81100;ROSES;14288;63;;;;;14289;20;14290.0;43.0;;;14289.0;0.0
3;81200;ROSES;14287;24;14286.0;32.0;;;14288;56;;;;;14287.0;0.0
3;81300;ROSES;14284;25;14283.0;42.0;;;14285;67;;;;;14284.0;0.0
3;81400;ROSES;14281;45;;;;;14282;45;;;;;14281.5;0.0
3;81500;ROSES;14279;64;;;;;14280;64;;;;;14279.5;0.0
3;81600;ROSES;14281;23;14280.0;46.0;;;14282;69;;;;;14281.0;0.0
3;81700;ROSES;14280;22;14279.0;45.0;;;14281;67;;;;;14280.0;0.0
3;81800;ROSES;14281;57;;;;;14282;57;;;;;14281.5;0.0
3;81900;ROSES;14274;68;;;;;14275;18;14276.0;50.0;;;14275.0;0.0
3;82000;ROSES;14271;62;;;;;14273;62;;;;;14272.0;0.0
3;82100;ROSES;14271;56;;;;;14273;56;;;;;14272.0;0.0
3;82200;ROSES;14268;74;;;;;14269;25;14270.0;49.0;;;14269.0;0.0
3;82300;ROSES;14270;52;;;;;14271;52;;;;;14270.5;0.0
3;82400;ROSES;14269;61;;;;;14270;25;14271.0;36.0;;;14270.0;0.0
3;82500;ROSES;14268;68;;;;;14269;18;14270.0;50.0;;;14269.0;0.0
3;82600;ROSES;14265;56;;;;;14266;19;14267.0;37.0;;;14266.0;0.0
3;82700;ROSES;14265;19;14264.0;36.0;;;14266;59;;;;;14265.0;0.0
3;82800;ROSES;14260;63;;;;;14261;24;14262.0;39.0;;;14261.0;0.0
3;82900;ROSES;14263;28;14262.0;35.0;;;14264;63;;;;;14263.0;0.0
3;83000;ROSES;14263;66;;;;;14265;66;;;;;14264.0;0.0
3;83100;ROSES;14262;63;;;;;14263;22;14264.0;41.0;;;14263.0;0.0
3;83200;ROSES;14259;64;;;;;14260;64;;;;;14259.5;0.0
3;83300;ROSES;14260;71;;;;;14261;71;;;;;14260.5;0.0
3;83400;ROSES;14257;74;;;;;14259;74;;;;;14258.0;0.0
3;83500;ROSES;14260;73;;;;;14261;27;14262.0;46.0;;;14261.0;0.0
3;83600;ROSES;14262;76;;;;;14263;71;;;;;14262.5;0.0
3;83700;ROSES;14260;21;14259.0;41.0;;;14261;62;;;;;14260.0;0.0
3;83800;ROSES;14259;55;;;;;14260;55;;;;;14259.5;0.0
3;83900;ROSES;14264;22;14263.0;30.0;;;14265;52;;;;;14264.0;0.0
3;84000;ROSES;14265;57;;;;;14266;26;14267.0;31.0;;;14266.0;0.0
3;84100;ROSES;14268;17;14267.0;36.0;;;14269;53;;;;;14268.0;0.0
3;84200;ROSES;14266;63;;;;;14267;63;;;;;14266.5;0.0
3;84300;ROSES;14268;61;;;;;14269;61;;;;;14268.5;0.0
3;84400;ROSES;14264;77;;;;;14265;27;14266.0;50.0;;;14265.0;0.0
3;84500;ROSES;14266;19;14265.0;42.0;;;14267;61;;;;;14266.0;0.0
3;84600;ROSES;14268;68;;;;;14269;28;14270.0;40.0;;;14269.0;0.0
3;84700;ROSES;14267;59;;;;;14269;59;;;;;14268.0;0.0
3;84800;ROSES;14268;54;;;;;14270;54;;;;;14269.0;0.0
3;84900;ROSES;14267;74;;;;;14268;26;14269.0;48.0;;;14268.0;0.0
3;85000;ROSES;14266;64;;;;;14267;24;14268.0;40.0;;;14267.0;0.0
3;85100;ROSES;14267;28;14266.0;30.0;;;14268;58;;;;;14267.0;0.0
3;85200;ROSES;14268;16;14267.0;50.0;;;14269;66;;;;;14268.0;0.0
3;85300;ROSES;14268;68;;;;;14269;68;;;;;14268.5;0.0
3;85400;ROSES;14269;66;;;;;14270;19;14271.0;47.0;;;14270.0;0.0
3;85500;ROSES;14266;49;;;;;14267;16;14268.0;33.0;;;14267.0;0.0
3;85600;ROSES;14262;61;;;;;14263;61;;;;;14262.5;0.0
3;85700;ROSES;14263;66;;;;;14264;66;;;;;14263.5;0.0
3;85800;ROSES;14256;58;;;;;14257;28;14258.0;30.0;;;14257.0;0.0
3;85900;ROSES;14251;58;;;;;14253;58;;;;;14252.0;0.0
3;86000;ROSES;14247;66;;;;;14249;66;;;;;14248.0;0.0
3;86100;ROSES;14249;58;;;;;14251;58;;;;;14250.0;0.0
3;86200;ROSES;14251;66;;;;;14252;66;;;;;14251.5;0.0
3;86300;ROSES;14259;70;;;;;14260;21;14261.0;49.0;;;14260.0;0.0
3;86400;ROSES;14258;61;;;;;14259;25;14260.0;36.0;;;14259.0;0.0
3;86500;ROSES;14257;60;;;;;14258;21;14259.0;39.0;;;14258.0;0.0
3;86600;ROSES;14256;59;;;;;14258;59;;;;;14257.0;0.0
3;86700;ROSES;14252;62;;;;;14254;62;;;;;14253.0;0.0
3;86800;ROSES;14255;61;;;;;14256;28;14257.0;33.0;;;14256.0;0.0
3;86900;ROSES;14252;51;;;;;14254;51;;;;;14253.0;0.0
3;87000;ROSES;14250;56;;;;;14251;56;;;;;14250.5;0.0
3;87100;ROSES;14250;69;;;;;14252;69;;;;;14251.0;0.0
3;87200;ROSES;14249;24;14248.0;43.0;;;14250;67;;;;;14249.0;0.0
3;87300;ROSES;14250;62;;;;;14251;62;;;;;14250.5;0.0
3;87400;ROSES;14252;22;14251.0;49.0;;;14253;71;;;;;14252.0;0.0
3;87500;ROSES;14254;24;14253.0;36.0;;;14255;60;;;;;14254.0;0.0
3;87600;ROSES;14253;59;;;;;14255;59;;;;;14254.0;0.0
3;87700;ROSES;14251;51;;;;;14252;51;;;;;14251.5;0.0
3;87800;ROSES;14251;19;14250.0;48.0;;;14252;67;;;;;14251.0;0.0
3;87900;ROSES;14247;55;;;;;14249;55;;;;;14248.0;0.0
3;88000;ROSES;14243;79;;;;;14244;79;;;;;14243.5;0.0
3;88100;ROSES;14238;70;;;;;14240;70;;;;;14239.0;0.0
3;88200;ROSES;14241;71;;;;;14242;71;;;;;14241.5;0.0
3;88300;ROSES;14237;67;;;;;14238;67;;;;;14237.5;0.0
3;88400;ROSES;14240;53;;;;;14241;53;;;;;14240.5;0.0
3;88500;ROSES;14239;58;;;;;14241;58;;;;;14240.0;0.0
3;88600;ROSES;14238;64;;;;;14240;64;;;;;14239.0;0.0
3;88700;ROSES;14238;58;;;;;14239;19;14240.0;39.0;;;14239.0;0.0
3;88800;ROSES;14242;63;;;;;14244;63;;;;;14243.0;0.0
3;88900;ROSES;14238;55;;;;;14240;55;;;;;14239.0;0.0
3;89000;ROSES;14239;65;;;;;14241;65;;;;;14240.0;0.0
3;89100;ROSES;14238;64;;;;;14239;64;;;;;14238.5;0.0
3;89200;ROSES;14235;20;14234.0;36.0;;;14236;56;;;;;14235.0;0.0
3;89300;ROSES;14229;61;;;;;14230;61;;;;;14229.5;0.0
3;89400;ROSES;14226;48;;;;;14227;48;;;;;14226.5;0.0
3;89500;ROSES;14223;75;;;;;14224;75;;;;;14223.5;0.0
3;89600;ROSES;14223;63;;;;;14224;63;;;;;14223.5;0.0
3;89700;ROSES;14225;53;;;;;14226;53;;;;;14225.5;0.0
3;89800;ROSES;14226;69;;;;;14227;69;;;;;14226.5;0.0
3;89900;ROSES;14225;76;;;;;14226;76;;;;;14225.5;0.0
3;90000;ROSES;14229;79;;;;;14231;79;;;;;14230.0;0.0
3;90100;ROSES;14228;27;14227.0;43.0;;;14229;70;;;;;14228.0;0.0
3;90200;ROSES;14227;62;;;;;14229;62;;;;;14228.0;0.0
3;90300;ROSES;14226;61;;;;;14228;61;;;;;14227.0;0.0
3;90400;ROSES;14228;70;;;;;14229;70;;;;;14228.5;0.0
3;90500;ROSES;14229;62;;;;;14230;23;14231.0;39.0;;;14230.0;0.0
3;90600;ROSES;14229;65;;;;;14230;65;;;;;14229.5;0.0
3;90700;ROSES;14230;60;;;;;14232;60;;;;;14231.0;0.0
3;90800;ROSES;14231;49;;;;;14232;49;;;;;14231.5;0.0
3;90900;ROSES;14229;61;;;;;14230;21;14231.0;40.0;;;14230.0;0.0
3;91000;ROSES;14231;74;;;;;14233;74;;;;;14232.0;0.0
3;91100;ROSES;14230;62;;;;;14231;62;;;;;14230.5;0.0
3;91200;ROSES;14228;65;;;;;14229;25;14230.0;40.0;;;14229.0;0.0
3;91300;ROSES;14230;73;;;;;14231;73;;;;;14230.5;0.0
3;91400;ROSES;14228;64;;;;;14230;64;;;;;14229.0;0.0
3;91500;ROSES;14228;60;;;;;14230;60;;;;;14229.0;0.0
3;91600;ROSES;14235;72;;;;;14237;72;;;;;14236.0;0.0
3;91700;ROSES;14238;29;14237.0;31.0;;;14239;60;;;;;14238.0;0.0
3;91800;ROSES;14236;73;;;;;14237;27;14238.0;46.0;;;14237.0;0.0
3;91900;ROSES;14234;64;;;;;14236;64;;;;;14235.0;0.0
3;92000;ROSES;14237;67;;;;;14238;26;14239.0;41.0;;;14238.0;0.0
3;92100;ROSES;14238;46;;;;;14239;46;;;;;14238.5;0.0
3;92200;ROSES;14235;57;;;;;14237;57;;;;;14236.0;0.0
3;92300;ROSES;14237;60;;;;;14238;30;14239.0;30.0;;;14237.5;0.0
3;92400;ROSES;14233;28;14232.0;47.0;;;14234;75;;;;;14233.0;0.0
3;92500;ROSES;14236;66;;;;;14237;66;;;;;14236.5;0.0
3;92600;ROSES;14239;55;;;;;14240;4;14241.0;55.0;;;14240.0;0.0
3;92700;ROSES;14244;60;;;;;14245;60;;;;;14244.5;0.0
3;92800;ROSES;14240;73;;;;;14241;26;14242.0;47.0;;;14241.0;0.0
3;92900;ROSES;14242;65;;;;;14243;65;;;;;14242.5;0.0
3;93000;ROSES;14247;71;;;;;14248;27;14249.0;44.0;;;14248.0;0.0
3;93100;ROSES;14248;56;;;;;14250;56;;;;;14249.0;0.0
3;93200;ROSES;14248;68;;;;;14249;59;;;;;14248.5;0.0
3;93300;ROSES;14251;53;;;;;14253;53;;;;;14252.0;0.0
3;93400;ROSES;14247;74;;;;;14249;74;;;;;14248.0;0.0
3;93500;ROSES;14247;64;;;;;14248;17;14249.0;47.0;;;14248.0;0.0
3;93600;ROSES;14248;71;;;;;14250;71;;;;;14249.0;0.0
3;93700;ROSES;14247;69;;;;;14248;69;;;;;14247.5;0.0
3;93800;ROSES;14247;72;;;;;14248;24;14249.0;48.0;;;14248.0;0.0
3;93900;ROSES;14250;24;14249.0;36.0;;;14251;60;;;;;14250.0;0.0
3;94000;ROSES;14252;70;;;;;14253;70;;;;;14252.5;0.0
3;94100;ROSES;14252;29;14251.0;39.0;;;14253;68;;;;;14252.0;0.0
3;94200;ROSES;14248;67;;;;;14250;67;;;;;14249.0;0.0
3;94300;ROSES;14244;57;;;;;14245;23;14246.0;34.0;;;14245.0;0.0
3;94400;ROSES;14241;52;;;;;14243;52;;;;;14242.0;0.0
3;94500;ROSES;14240;51;;;;;14241;19;14242.0;32.0;;;14241.0;0.0
3;94600;ROSES;14238;62;;;;;14239;62;;;;;14238.5;0.0
3;94700;ROSES;14246;25;14245.0;44.0;;;14247;69;;;;;14246.0;0.0
3;94800;ROSES;14245;67;;;;;14246;67;;;;;14245.5;0.0
3;94900;ROSES;14244;63;;;;;14246;63;;;;;14245.0;0.0
3;95000;ROSES;14246;73;;;;;14247;26;14248.0;47.0;;;14247.0;0.0
3;95100;ROSES;14243;28;14242.0;49.0;;;14244;77;;;;;14243.0;0.0
3;95200;ROSES;14241;73;;;;;14242;73;;;;;14241.5;0.0
3;95300;ROSES;14242;68;;;;;14244;68;;;;;14243.0;0.0
3;95400;ROSES;14240;57;;;;;14242;57;;;;;14241.0;0.0
3;95500;ROSES;14243;61;;;;;14244;20;14245.0;41.0;;;14244.0;0.0
3;95600;ROSES;14241;71;;;;;14243;71;;;;;14242.0;0.0
3;95700;ROSES;14242;81;;;;;14243;72;;;;;14242.5;0.0
3;95800;ROSES;14246;60;;;;;14247;60;;;;;14246.5;0.0
3;95900;ROSES;14249;52;;;;;14250;52;;;;;14249.5;0.0
3;96000;ROSES;14249;64;;;;;14250;28;14251.0;36.0;;;14250.0;0.0
3;96100;ROSES;14249;76;;;;;14251;76;;;;;14250.0;0.0
3;96200;ROSES;14251;75;;;;;14253;75;;;;;14252.0;0.0
3;96300;ROSES;14250;65;;;;;14252;65;;;;;14251.0;0.0
3;96400;ROSES;14247;61;;;;;14249;61;;;;;14248.0;0.0
3;96500;ROSES;14250;50;;;;;14251;50;;;;;14250.5;0.0
3;96600;ROSES;14253;57;;;;;14254;57;;;;;14253.5;0.0
3;96700;ROSES;14254;63;;;;;14255;63;;;;;14254.5;0.0
3;96800;ROSES;14253;54;;;;;14254;22;14255.0;32.0;;;14254.0;0.0
3;96900;ROSES;14250;65;;;;;14251;65;;;;;14250.5;0.0
3;97000;ROSES;14248;61;;;;;14250;61;;;;;14249.0;0.0
3;97100;ROSES;14247;61;;;;;14249;61;;;;;14248.0;0.0
3;97200;ROSES;14248;63;;;;;14249;17;14250.0;46.0;;;14249.0;0.0
3;97300;ROSES;14250;60;;;;;14252;60;;;;;14251.0;0.0
3;97400;ROSES;14250;67;;;;;14252;67;;;;;14251.0;0.0
3;97500;ROSES;14251;58;;;;;14253;58;;;;;14252.0;0.0
3;97600;ROSES;14248;59;;;;;14249;63;;;;;14248.5;0.0
3;97700;ROSES;14248;66;;;;;14250;66;;;;;14249.0;0.0
3;97800;ROSES;14251;46;;;;;14253;46;;;;;14252.0;0.0
3;97900;ROSES;14250;24;14249.0;38.0;;;14251;62;;;;;14250.0;0.0
3;98000;ROSES;14244;68;;;;;14246;68;;;;;14245.0;0.0
3;98100;ROSES;14246;68;;;;;14247;27;14248.0;48.0;;;14247.0;0.0
3;98200;ROSES;14250;55;;;;;14251;21;14252.0;34.0;;;14251.0;0.0
3;98300;ROSES;14252;65;;;;;14253;17;14254.0;48.0;;;14253.0;0.0
3;98400;ROSES;14251;48;;;;;14252;53;;;;;14251.5;0.0
3;98500;ROSES;14252;66;;;;;14254;66;;;;;14253.0;0.0
3;98600;ROSES;14247;16;14246.0;50.0;;;14248;66;;;;;14247.0;0.0
3;98700;ROSES;14247;71;;;;;14248;71;;;;;14247.5;0.0
3;98800;ROSES;14245;59;;;;;14246;59;;;;;14245.5;0.0
3;98900;ROSES;14248;66;;;;;14249;66;;;;;14248.5;0.0
3;99000;ROSES;14245;70;;;;;14246;25;14247.0;45.0;;;14246.0;0.0
3;99100;ROSES;14251;21;14250.0;46.0;;;14252;67;;;;;14251.0;0.0
3;99200;ROSES;14257;61;;;;;14258;22;14259.0;39.0;;;14258.0;0.0
3;99300;ROSES;14262;65;;;;;14264;65;;;;;14263.0;0.0
3;99400;ROSES;14265;71;;;;;14266;71;;;;;14265.5;0.0
3;99500;ROSES;14263;61;;;;;14264;61;;;;;14263.5;0.0
3;99600;ROSES;14262;66;;;;;14263;25;14264.0;35.0;;;14263.0;0.0
3;99700;ROSES;14265;75;;;;;14266;75;;;;;14265.5;0.0
3;99800;ROSES;14266;55;;;;;14267;55;;;;;14266.5;0.0
3;99900;ROSES;14264;64;;;;;14265;29;14266.0;35.0;;;14265.0;0.0
3;100000;ROSES;14263;66;;;;;14265;66;;;;;14264.0;0.0
3;100100;ROSES;14261;59;;;;;14262;20;14263.0;39.0;;;14262.0;0.0
3;100200;ROSES;14262;56;;;;;14263;16;14264.0;40.0;;;14263.0;0.0
3;100300;ROSES;14262;55;;;;;14263;55;;;;;14262.5;0.0
3;100400;ROSES;14265;66;;;;;14267;66;;;;;14266.0;0.0
3;100500;ROSES;14267;53;;;;;14269;53;;;;;14268.0;0.0
3;100600;ROSES;14266;54;;;;;14268;54;;;;;14267.0;0.0
3;100700;ROSES;14270;55;;;;;14271;25;14272.0;35.0;;;14271.0;0.0
3;100800;ROSES;14264;68;;;;;14265;68;;;;;14264.5;0.0
3;100900;ROSES;14260;72;;;;;14261;72;;;;;14260.5;0.0
3;101000;ROSES;14258;60;;;;;14260;60;;;;;14259.0;0.0
3;101100;ROSES;14260;27;14259.0;38.0;;;14261;65;;;;;14260.0;0.0
3;101200;ROSES;14265;59;;;;;14266;59;;;;;14265.5;0.0
3;101300;ROSES;14267;62;;;;;14268;62;;;;;14267.5;0.0
3;101400;ROSES;14268;20;14267.0;34.0;;;14269;54;;;;;14268.0;0.0
3;101500;ROSES;14268;28;14267.0;45.0;;;14269;73;;;;;14268.0;0.0
3;101600;ROSES;14263;53;;;;;14264;53;;;;;14263.5;0.0
3;101700;ROSES;14261;79;;;;;14262;30;14263.0;49.0;;;14262.0;0.0
3;101800;ROSES;14264;61;;;;;14265;24;14266.0;37.0;;;14265.0;0.0
3;101900;ROSES;14265;60;;;;;14266;60;;;;;14265.5;0.0
3;102000;ROSES;14263;50;;;;;14265;50;;;;;14264.0;0.0
3;102100;ROSES;14263;69;;;;;14264;30;14265.0;39.0;;;14264.0;0.0
3;102200;ROSES;14261;60;;;;;14263;60;;;;;14262.0;0.0
3;102300;ROSES;14256;61;;;;;14257;29;14258.0;32.0;;;14257.0;0.0
3;102400;ROSES;14255;76;;;;;14257;76;;;;;14256.0;0.0
3;102500;ROSES;14254;30;14253.0;41.0;;;14255;71;;;;;14254.0;0.0
3;102600;ROSES;14250;57;;;;;14252;57;;;;;14251.0;0.0
3;102700;ROSES;14250;26;14249.0;37.0;;;14251;63;;;;;14250.0;0.0
3;102800;ROSES;14249;65;;;;;14250;65;;;;;14249.5;0.0
3;102900;ROSES;14249;67;;;;;14250;17;14251.0;50.0;;;14250.0;0.0
3;103000;ROSES;14249;70;;;;;14250;24;14251.0;46.0;;;14250.0;0.0
3;103100;ROSES;14250;22;14249.0;34.0;;;14251;56;;;;;14250.0;0.0
3;103200;ROSES;14249;58;;;;;14250;58;;;;;14249.5;0.0
3;103300;ROSES;14247;62;;;;;14248;62;;;;;14247.5;0.0
3;103400;ROSES;14246;54;;;;;14248;54;;;;;14247.0;0.0
3;103500;ROSES;14246;60;;;;;14248;60;;;;;14247.0;0.0
3;103600;ROSES;14249;60;;;;;14250;60;;;;;14249.5;0.0
3;103700;ROSES;14249;72;;;;;14250;72;;;;;14249.5;0.0
3;103800;ROSES;14247;69;;;;;14248;26;14249.0;43.0;;;14248.0;0.0
3;103900;ROSES;14249;59;;;;;14250;24;14251.0;35.0;;;14250.0;0.0
3;104000;ROSES;14249;67;;;;;14250;67;;;;;14249.5;0.0
3;104100;ROSES;14251;66;;;;;14252;20;14253.0;46.0;;;14252.0;0.0
3;104200;ROSES;14257;53;;;;;14258;53;;;;;14257.5;0.0
3;104300;ROSES;14259;78;;;;;14260;78;;;;;14259.5;0.0
3;104400;ROSES;14255;70;;;;;14257;70;;;;;14256.0;0.0
3;104500;ROSES;14253;55;;;;;14254;55;;;;;14253.5;0.0
3;104600;ROSES;14254;61;;;;;14255;16;14256.0;45.0;;;14255.0;0.0
3;104700;ROSES;14250;21;14249.0;39.0;;;14251;60;;;;;14250.0;0.0
3;104800;ROSES;14248;55;;;;;14250;55;;;;;14249.0;0.0
3;104900;ROSES;14249;61;;;;;14250;61;;;;;14249.5;0.0
3;105000;ROSES;14247;64;;;;;14249;64;;;;;14248.0;0.0
3;105100;ROSES;14245;60;;;;;14246;60;;;;;14245.5;0.0
3;105200;ROSES;14245;17;14244.0;42.0;;;14246;59;;;;;14245.0;0.0
3;105300;ROSES;14244;26;14243.0;42.0;;;14245;68;;;;;14244.0;0.0
3;105400;ROSES;14242;57;;;;;14243;25;14244.0;32.0;;;14243.0;0.0
3;105500;ROSES;14243;64;;;;;14245;64;;;;;14244.0;0.0
3;105600;ROSES;14241;74;;;;;14243;74;;;;;14242.0;0.0
3;105700;ROSES;14241;29;14240.0;44.0;;;14242;73;;;;;14241.0;0.0
3;105800;ROSES;14244;57;;;;;14245;57;;;;;14244.5;0.0
3;105900;ROSES;14246;76;;;;;14247;28;14248.0;48.0;;;14247.0;0.0
3;106000;ROSES;14246;69;;;;;14247;30;14248.0;39.0;;;14247.0;0.0
3;106100;ROSES;14246;21;14245.0;39.0;;;14247;60;;;;;14246.0;0.0
3;106200;ROSES;14246;69;;;;;14247;25;14248.0;44.0;;;14247.0;0.0
3;106300;ROSES;14247;18;14246.0;47.0;;;14248;65;;;;;14247.0;0.0
3;106400;ROSES;14243;60;;;;;14244;29;14245.0;31.0;;;14244.0;0.0
3;106500;ROSES;14241;63;;;;;14242;63;;;;;14241.5;0.0
3;106600;ROSES;14244;75;;;;;14245;75;;;;;14244.5;0.0
3;106700;ROSES;14241;77;;;;;14242;28;14243.0;49.0;;;14242.0;0.0
3;106800;ROSES;14245;53;;;;;14247;53;;;;;14246.0;0.0
3;106900;ROSES;14247;57;;;;;14249;57;;;;;14248.0;0.0
3;107000;ROSES;14247;61;;;;;14248;23;14249.0;38.0;;;14248.0;0.0
3;107100;ROSES;14246;63;;;;;14247;63;;;;;14246.5;0.0
3;107200;ROSES;14246;49;;;;;14247;19;14248.0;30.0;;;14247.0;0.0
3;107300;ROSES;14248;70;;;;;14249;26;14250.0;44.0;;;14249.0;0.0
3;107400;ROSES;14249;79;;;;;14251;69;;;;;14250.0;0.0
3;107500;ROSES;14253;66;;;;;14254;66;;;;;14253.5;0.0
3;107600;ROSES;14254;72;;;;;14255;26;14256.0;46.0;;;14255.0;0.0
3;107700;ROSES;14252;71;;;;;14254;71;;;;;14253.0;0.0
3;107800;ROSES;14254;46;;;;;14255;46;;;;;14254.5;0.0
3;107900;ROSES;14256;59;;;;;14257;59;;;;;14256.5;0.0
3;108000;ROSES;14256;21;14255.0;48.0;;;14257;69;;;;;14256.0;0.0
3;108100;ROSES;14253;64;;;;;14254;28;14255.0;36.0;;;14254.0;0.0
3;108200;ROSES;14251;53;;;;;14252;53;;;;;14251.5;0.0
3;108300;ROSES;14252;56;;;;;14254;56;;;;;14253.0;0.0
3;108400;ROSES;14250;67;;;;;14251;18;14252.0;49.0;;;14251.0;0.0
3;108500;ROSES;14255;64;;;;;14256;64;;;;;14255.5;0.0
3;108600;ROSES;14257;56;;;;;14258;56;;;;;14257.5;0.0
3;108700;ROSES;14252;61;;;;;14253;61;;;;;14252.5;0.0
3;108800;ROSES;14249;62;;;;;14250;26;14251.0;36.0;;;14250.0;0.0
3;108900;ROSES;14249;74;;;;;14251;74;;;;;14250.0;0.0
3;109000;ROSES;14246;66;;;;;14247;66;;;;;14246.5;0.0
3;109100;ROSES;14245;57;;;;;14247;57;;;;;14246.0;0.0
3;109200;ROSES;14248;72;;;;;14249;72;;;;;14248.5;0.0
3;109300;ROSES;14250;7;14249.0;31.0;;;14251;48;;;;;14250.0;0.0
3;109400;ROSES;14247;15;14246.0;47.0;;;14248;65;;;;;14247.0;0.0
3;109500;ROSES;14249;23;14248.0;48.0;;;14250;71;;;;;14249.0;0.0
3;109600;ROSES;14251;49;;;;;14253;49;;;;;14252.0;0.0
3;109700;ROSES;14249;68;;;;;14251;68;;;;;14250.0;0.0
3;109800;ROSES;14251;67;;;;;14252;67;;;;;14251.5;0.0
3;109900;ROSES;14249;77;;;;;14251;77;;;;;14250.0;0.0
3;110000;ROSES;14246;68;;;;;14247;68;;;;;14246.5;0.0
3;110100;ROSES;14249;65;;;;;14250;65;;;;;14249.5;0.0
3;110200;ROSES;14252;59;;;;;14253;59;;;;;14252.5;0.0
3;110300;ROSES;14249;58;;;;;14251;58;;;;;14250.0;0.0
3;110400;ROSES;14242;56;;;;;14244;56;;;;;14243.0;0.0
3;110500;ROSES;14245;59;;;;;14246;59;;;;;14245.5;0.0
3;110600;ROSES;14243;63;;;;;14245;63;;;;;14244.0;0.0
3;110700;ROSES;14244;51;;;;;14246;51;;;;;14245.0;0.0
3;110800;ROSES;14241;15;14240.0;31.0;;;14242;46;;;;;14241.0;0.0
3;110900;ROSES;14242;63;;;;;14243;63;;;;;14242.5;0.0
3;111000;ROSES;14245;63;;;;;14246;63;;;;;14245.5;0.0
3;111100;ROSES;14245;51;;;;;14246;18;14247.0;33.0;;;14246.0;0.0
3;111200;ROSES;14247;69;;;;;14249;69;;;;;14248.0;0.0
3;111300;ROSES;14248;68;;;;;14249;22;14250.0;46.0;;;14249.0;0.0
3;111400;ROSES;14251;74;;;;;14252;74;;;;;14251.5;0.0
3;111500;ROSES;14249;66;;;;;14250;20;14251.0;46.0;;;14250.0;0.0
3;111600;ROSES;14248;30;14247.0;40.0;;;14249;70;;;;;14248.0;0.0
3;111700;ROSES;14242;73;;;;;14244;73;;;;;14243.0;0.0
3;111800;ROSES;14241;52;;;;;14242;18;14243.0;34.0;;;14242.0;0.0
3;111900;ROSES;14240;71;;;;;14241;21;14242.0;50.0;;;14241.0;0.0
3;112000;ROSES;14237;64;;;;;14238;15;14239.0;49.0;;;14238.0;0.0
3;112100;ROSES;14240;15;14239.0;44.0;;;14241;59;;;;;14240.0;0.0
3;112200;ROSES;14239;51;;;;;14240;51;;;;;14239.5;0.0
3;112300;ROSES;14247;67;;;;;14248;67;;;;;14247.5;0.0
3;112400;ROSES;14248;53;;;;;14250;53;;;;;14249.0;0.0
3;112500;ROSES;14246;60;;;;;14247;29;14248.0;31.0;;;14247.0;0.0
3;112600;ROSES;14246;73;;;;;14247;27;14248.0;46.0;;;14247.0;0.0
3;112700;ROSES;14248;50;;;;;14249;15;14250.0;35.0;;;14249.0;0.0
3;112800;ROSES;14251;61;;;;;14252;61;;;;;14251.5;0.0
3;112900;ROSES;14255;67;;;;;14256;67;;;;;14255.5;0.0
3;113000;ROSES;14254;15;14253.0;36.0;;;14255;51;;;;;14254.0;0.0
3;113100;ROSES;14256;64;;;;;14258;64;;;;;14257.0;0.0
3;113200;ROSES;14256;57;;;;;14257;20;14258.0;37.0;;;14257.0;0.0
3;113300;ROSES;14259;15;14258.0;44.0;;;14260;70;;;;;14259.0;0.0
3;113400;ROSES;14258;57;;;;;14260;57;;;;;14259.0;0.0
3;113500;ROSES;14258;75;;;;;14259;30;14260.0;45.0;;;14259.0;0.0
3;113600;ROSES;14259;55;;;;;14260;55;;;;;14259.5;0.0
3;113700;ROSES;14257;68;;;;;14258;20;14259.0;48.0;;;14258.0;0.0
3;113800;ROSES;14257;71;;;;;14258;24;14259.0;47.0;;;14258.0;0.0
3;113900;ROSES;14258;72;;;;;14259;28;14260.0;44.0;;;14259.0;0.0
3;114000;ROSES;14253;67;;;;;14254;29;14255.0;38.0;;;14254.0;0.0
3;114100;ROSES;14252;65;;;;;14253;65;;;;;14252.5;0.0
3;114200;ROSES;14250;78;;;;;14252;78;;;;;14251.0;0.0
3;114300;ROSES;14253;57;;;;;14254;22;14255.0;35.0;;;14254.0;0.0
3;114400;ROSES;14253;66;;;;;14255;66;;;;;14254.0;0.0
3;114500;ROSES;14253;59;;;;;14255;59;;;;;14254.0;0.0
3;114600;ROSES;14251;58;;;;;14253;58;;;;;14252.0;0.0
3;114700;ROSES;14252;62;;;;;14254;62;;;;;14253.0;0.0
3;114800;ROSES;14252;27;14251.0;45.0;;;14253;72;;;;;14252.0;0.0
3;114900;ROSES;14254;57;;;;;14255;15;14256.0;42.0;;;14255.0;0.0
3;115000;ROSES;14253;53;;;;;14255;53;;;;;14254.0;0.0
3;115100;ROSES;14253;77;;;;;14255;77;;;;;14254.0;0.0
3;115200;ROSES;14255;55;;;;;14256;55;;;;;14255.5;0.0
3;115300;ROSES;14256;58;;;;;14257;18;14258.0;40.0;;;14257.0;0.0
3;115400;ROSES;14252;43;;;;;14253;48;;;;;14252.5;0.0
3;115500;ROSES;14252;70;;;;;14254;70;;;;;14253.0;0.0
3;115600;ROSES;14252;55;;;;;14253;19;14254.0;36.0;;;14253.0;0.0
3;115700;ROSES;14247;54;;;;;14248;16;14249.0;38.0;;;14248.0;0.0
3;115800;ROSES;14244;62;;;;;14245;62;;;;;14244.5;0.0
3;115900;ROSES;14246;62;;;;;14248;62;;;;;14247.0;0.0
3;116000;ROSES;14247;66;;;;;14248;18;14249.0;48.0;;;14248.0;0.0
3;116100;ROSES;14246;68;;;;;14247;68;;;;;14246.5;0.0
3;116200;ROSES;14248;74;;;;;14250;74;;;;;14249.0;0.0
3;116300;ROSES;14244;15;14243.0;38.0;;;14245;53;;;;;14244.0;0.0
3;116400;ROSES;14247;64;;;;;14249;64;;;;;14248.0;0.0
3;116500;ROSES;14246;64;;;;;14247;64;;;;;14246.5;0.0
3;116600;ROSES;14250;73;;;;;14251;73;;;;;14250.5;0.0
3;116700;ROSES;14249;29;14248.0;45.0;;;14250;74;;;;;14249.0;0.0
3;116800;ROSES;14247;55;;;;;14248;24;14249.0;31.0;;;14248.0;0.0
3;116900;ROSES;14248;57;;;;;14249;57;;;;;14248.5;0.0
3;117000;ROSES;14247;70;;;;;14249;70;;;;;14248.0;0.0
3;117100;ROSES;14250;58;;;;;14251;58;;;;;14250.5;0.0
3;117200;ROSES;14252;75;;;;;14253;25;14254.0;50.0;;;14253.0;0.0
3;117300;ROSES;14251;57;;;;;14252;25;14253.0;32.0;;;14252.0;0.0
3;117400;ROSES;14251;25;14250.0;43.0;;;14252;68;;;;;14251.0;0.0
3;117500;ROSES;14251;23;14250.0;47.0;;;14252;70;;;;;14251.0;0.0
3;117600;ROSES;14255;55;;;;;14257;55;;;;;14256.0;0.0
3;117700;ROSES;14255;53;;;;;14256;23;14257.0;30.0;;;14256.0;0.0
3;117800;ROSES;14258;57;;;;;14259;57;;;;;14258.5;0.0
3;117900;ROSES;14258;49;;;;;14259;49;;;;;14258.5;0.0
3;118000;ROSES;14255;53;;;;;14257;53;;;;;14256.0;0.0
3;118100;ROSES;14251;54;;;;;14252;17;14253.0;37.0;;;14252.0;0.0
3;118200;ROSES;14252;20;14251.0;48.0;;;14253;68;;;;;14252.0;0.0
3;118300;ROSES;14253;62;;;;;14254;62;;;;;14253.5;0.0
3;118400;ROSES;14254;28;14253.0;33.0;;;14255;61;;;;;14254.0;0.0
3;118500;ROSES;14257;57;;;;;14258;27;14259.0;30.0;;;14258.0;0.0
3;118600;ROSES;14259;74;;;;;14260;74;;;;;14259.5;0.0
3;118700;ROSES;14264;61;;;;;14265;61;;;;;14264.5;0.0
3;118800;ROSES;14266;22;14265.0;34.0;;;14267;56;;;;;14266.0;0.0
3;118900;ROSES;14263;52;;;;;14264;19;14265.0;33.0;;;14264.0;0.0
3;119000;ROSES;14266;62;;;;;14267;15;14268.0;47.0;;;14267.0;0.0
3;119100;ROSES;14263;69;;;;;14264;20;14265.0;49.0;;;14264.0;0.0
3;119200;ROSES;14263;58;;;;;14264;58;;;;;14263.5;0.0
3;119300;ROSES;14259;54;;;;;14261;54;;;;;14260.0;0.0
3;119400;ROSES;14262;58;;;;;14263;58;;;;;14262.5;0.0
3;119500;ROSES;14266;17;14265.0;48.0;;;14267;65;;;;;14266.0;0.0
3;119600;ROSES;14262;66;;;;;14263;66;;;;;14262.5;0.0
3;119700;ROSES;14259;61;;;;;14261;61;;;;;14260.0;0.0
3;119800;ROSES;14257;53;;;;;14259;53;;;;;14258.0;0.0
3;119900;ROSES;14252;47;;;;;14254;47;;;;;14253.0;0.0
3;120000;ROSES;14252;63;;;;;14253;63;;;;;14252.5;0.0
3;120100;ROSES;14251;68;;;;;14252;59;;;;;14251.5;0.0
3;120200;ROSES;14247;52;;;;;14248;17;14249.0;35.0;;;14248.0;0.0
3;120300;ROSES;14241;67;;;;;14242;63;;;;;14241.5;0.0
3;120400;ROSES;14237;30;14236.0;48.0;;;14238;78;;;;;14237.0;0.0
3;120500;ROSES;14237;54;;;;;14238;15;14239.0;39.0;;;14238.0;0.0
3;120600;ROSES;14233;66;;;;;14234;66;;;;;14233.5;0.0
3;120700;ROSES;14233;15;14232.0;50.0;;;14234;65;;;;;14233.0;0.0
3;120800;ROSES;14233;73;;;;;14234;73;;;;;14233.5;0.0
3;120900;ROSES;14235;15;14234.0;47.0;;;14236;62;;;;;14235.0;0.0
3;121000;ROSES;14234;73;;;;;14235;28;14236.0;45.0;;;14235.0;0.0
3;121100;ROSES;14235;18;14234.0;42.0;;;14236;60;;;;;14235.0;0.0
3;121200;ROSES;14238;69;;;;;14240;69;;;;;14239.0;0.0
3;121300;ROSES;14237;7;14236.0;75.0;;;14238;75;;;;;14237.0;0.0
3;121400;ROSES;14236;57;;;;;14238;57;;;;;14237.0;0.0
3;121500;ROSES;14240;22;14239.0;42.0;;;14241;64;;;;;14240.0;0.0
3;121600;ROSES;14236;69;;;;;14237;21;14238.0;48.0;;;14237.0;0.0
3;121700;ROSES;14238;19;14237.0;40.0;;;14239;59;;;;;14238.0;0.0
3;121800;ROSES;14230;61;;;;;14232;61;;;;;14231.0;0.0
3;121900;ROSES;14226;67;;;;;14227;67;;;;;14226.5;0.0
3;122000;ROSES;14221;64;;;;;14223;64;;;;;14222.0;0.0
3;122100;ROSES;14221;29;14220.0;48.0;;;14222;77;;;;;14221.0;0.0
3;122200;ROSES;14220;75;;;;;14222;75;;;;;14221.0;0.0
3;122300;ROSES;14214;55;;;;;14215;55;;;;;14214.5;0.0
3;122400;ROSES;14219;23;14218.0;33.0;;;14220;56;;;;;14219.0;0.0
3;122500;ROSES;14224;72;;;;;14225;22;14226.0;50.0;;;14225.0;0.0
3;122600;ROSES;14227;55;;;;;14229;55;;;;;14228.0;0.0
3;122700;ROSES;14227;30;14226.0;41.0;;;14228;71;;;;;14227.0;0.0
3;122800;ROSES;14228;57;;;;;14229;57;;;;;14228.5;0.0
3;122900;ROSES;14226;69;;;;;14227;69;;;;;14226.5;0.0
3;123000;ROSES;14224;75;;;;;14225;27;14226.0;48.0;;;14225.0;0.0
3;123100;ROSES;14222;49;;;;;14223;49;;;;;14222.5;0.0
3;123200;ROSES;14223;20;14222.0;50.0;;;14224;70;;;;;14223.0;0.0
3;123300;ROSES;14221;72;;;;;14222;27;14223.0;45.0;;;14222.0;0.0
3;123400;ROSES;14220;28;14219.0;44.0;;;14221;72;;;;;14220.0;0.0
3;123500;ROSES;14224;65;;;;;14226;65;;;;;14225.0;0.0
3;123600;ROSES;14223;50;;;;;14225;50;;;;;14224.0;0.0
3;123700;ROSES;14225;59;;;;;14226;48;;;;;14225.5;0.0
3;123800;ROSES;14226;63;;;;;14227;63;;;;;14226.5;0.0
3;123900;ROSES;14225;21;14224.0;30.0;;;14226;51;;;;;14225.0;0.0
3;124000;ROSES;14223;54;;;;;14225;54;;;;;14224.0;0.0
3;124100;ROSES;14226;67;;;;;14228;67;;;;;14227.0;0.0
3;124200;ROSES;14225;54;;;;;14226;54;;;;;14225.5;0.0
3;124300;ROSES;14227;15;14226.0;40.0;;;14228;55;;;;;14227.0;0.0
3;124400;ROSES;14225;79;;;;;14227;79;;;;;14226.0;0.0
3;124500;ROSES;14224;75;;;;;14226;75;;;;;14225.0;0.0
3;124600;ROSES;14228;48;;;;;14229;15;14230.0;33.0;;;14229.0;0.0
3;124700;ROSES;14223;58;;;;;14225;58;;;;;14224.0;0.0
3;124800;ROSES;14221;53;;;;;14223;53;;;;;14222.0;0.0
3;124900;ROSES;14220;17;14219.0;36.0;;;14221;53;;;;;14220.0;0.0
3;125000;ROSES;14221;73;;;;;14222;73;;;;;14221.5;0.0
3;125100;ROSES;14219;45;;;;;14220;45;;;;;14219.5;0.0
3;125200;ROSES;14219;59;;;;;14220;59;;;;;14219.5;0.0
3;125300;ROSES;14221;23;14220.0;30.0;;;14222;53;;;;;14221.0;0.0
3;125400;ROSES;14226;57;;;;;14227;57;;;;;14226.5;0.0
3;125500;ROSES;14228;48;;;;;14230;48;;;;;14229.0;0.0
3;125600;ROSES;14225;15;14224.0;31.0;;;14226;46;;;;;14225.0;0.0
3;125700;ROSES;14229;60;;;;;14230;15;14231.0;45.0;;;14230.0;0.0
3;125800;ROSES;14229;66;;;;;14230;66;;;;;14229.5;0.0
3;125900;ROSES;14226;63;;;;;14228;63;;;;;14227.0;0.0
3;126000;ROSES;14227;64;;;;;14228;64;;;;;14227.5;0.0
3;126100;ROSES;14224;69;;;;;14225;69;;;;;14224.5;0.0
3;126200;ROSES;14223;62;;;;;14224;62;;;;;14223.5;0.0
3;126300;ROSES;14220;50;;;;;14222;50;;;;;14221.0;0.0
3;126400;ROSES;14219;69;;;;;14220;69;;;;;14219.5;0.0
3;126500;ROSES;14212;73;;;;;14213;73;;;;;14212.5;0.0
3;126600;ROSES;14215;71;;;;;14217;71;;;;;14216.0;0.0
3;126700;ROSES;14215;79;;;;;14217;79;;;;;14216.0;0.0
3;126800;ROSES;14217;54;;;;;14219;54;;;;;14218.0;0.0
3;126900;ROSES;14218;59;;;;;14220;59;;;;;14219.0;0.0
3;127000;ROSES;14218;75;;;;;14219;75;;;;;14218.5;0.0
3;127100;ROSES;14221;48;;;;;14223;48;;;;;14222.0;0.0
3;127200;ROSES;14225;53;;;;;14226;53;;;;;14225.5;0.0
3;127300;ROSES;14224;19;14223.0;30.0;;;14225;49;;;;;14224.0;0.0
3;127400;ROSES;14226;24;14225.0;47.0;;;14227;71;;;;;14226.0;0.0
3;127500;ROSES;14225;20;14224.0;34.0;;;14226;54;;;;;14225.0;0.0
3;127600;ROSES;14223;69;;;;;14224;19;14225.0;50.0;;;14224.0;0.0
3;127700;ROSES;14224;68;;;;;14225;25;14226.0;43.0;;;14225.0;0.0
3;127800;ROSES;14224;66;;;;;14226;66;;;;;14225.0;0.0
3;127900;ROSES;14224;55;;;;;14225;55;;;;;14224.5;0.0
3;128000;ROSES;14218;54;;;;;14219;20;14220.0;34.0;;;14219.0;0.0
3;128100;ROSES;14216;30;14215.0;39.0;;;14217;69;;;;;14216.0;0.0
3;128200;ROSES;14216;55;;;;;14217;55;;;;;14216.5;0.0
3;128300;ROSES;14217;57;;;;;14219;57;;;;;14218.0;0.0
3;128400;ROSES;14219;74;;;;;14220;25;14221.0;49.0;;;14220.0;0.0
3;128500;ROSES;14217;59;;;;;14219;59;;;;;14218.0;0.0
3;128600;ROSES;14219;23;14218.0;34.0;;;14220;57;;;;;14219.0;0.0
3;128700;ROSES;14215;69;;;;;14216;69;;;;;14215.5;0.0
3;128800;ROSES;14216;61;;;;;14217;15;14218.0;46.0;;;14217.0;0.0
3;128900;ROSES;14221;55;;;;;14222;55;;;;;14221.5;0.0
3;129000;ROSES;14220;47;;;;;14221;17;14222.0;30.0;;;14221.0;0.0
3;129100;ROSES;14217;57;;;;;14218;25;14219.0;32.0;;;14218.0;0.0
3;129200;ROSES;14220;67;;;;;14221;67;;;;;14220.5;0.0
3;129300;ROSES;14219;68;;;;;14221;68;;;;;14220.0;0.0
3;129400;ROSES;14219;70;;;;;14220;20;14221.0;50.0;;;14220.0;0.0
3;129500;ROSES;14220;50;;;;;14222;50;;;;;14221.0;0.0
3;129600;ROSES;14219;75;;;;;14221;75;;;;;14220.0;0.0
3;129700;ROSES;14221;64;;;;;14222;23;14223.0;41.0;;;14222.0;0.0
3;129800;ROSES;14219;65;;;;;14220;24;14221.0;41.0;;;14220.0;0.0
3;129900;ROSES;14217;68;;;;;14218;68;;;;;14217.5;0.0
3;130000;ROSES;14217;65;;;;;14219;65;;;;;14218.0;0.0
3;130100;ROSES;14218;64;;;;;14220;64;;;;;14219.0;0.0
3;130200;ROSES;14219;70;;;;;14220;70;;;;;14219.5;0.0
3;130300;ROSES;14221;26;14220.0;46.0;;;14222;72;;;;;14221.0;0.0
3;130400;ROSES;14220;72;;;;;14222;72;;;;;14221.0;0.0
3;130500;ROSES;14218;59;;;;;14220;59;;;;;14219.0;0.0
3;130600;ROSES;14219;59;;;;;14221;59;;;;;14220.0;0.0
3;130700;ROSES;14215;55;;;;;14216;24;14217.0;31.0;;;14216.0;0.0
3;130800;ROSES;14215;64;;;;;14216;64;;;;;14215.5;0.0
3;130900;ROSES;14217;64;;;;;14219;64;;;;;14218.0;0.0
3;131000;ROSES;14219;20;14218.0;49.0;;;14220;69;;;;;14219.0;0.0
3;131100;ROSES;14222;24;14221.0;47.0;;;14223;71;;;;;14222.0;0.0
3;131200;ROSES;14221;25;14220.0;30.0;;;14222;55;;;;;14221.0;0.0
3;131300;ROSES;14220;54;;;;;14221;54;;;;;14220.5;0.0
3;131400;ROSES;14218;53;;;;;14220;53;;;;;14219.0;0.0
3;131500;ROSES;14217;53;;;;;14218;53;;;;;14217.5;0.0
3;131600;ROSES;14217;68;;;;;14219;68;;;;;14218.0;0.0
3;131700;ROSES;14220;57;;;;;14221;57;;;;;14220.5;0.0
3;131800;ROSES;14220;26;14219.0;44.0;;;14221;70;;;;;14220.0;0.0
3;131900;ROSES;14224;72;;;;;14225;72;;;;;14224.5;0.0
3;132000;ROSES;14225;67;;;;;14226;67;;;;;14225.5;0.0
3;132100;ROSES;14219;63;;;;;14221;63;;;;;14220.0;0.0
3;132200;ROSES;14221;52;;;;;14222;52;;;;;14221.5;0.0
3;132300;ROSES;14220;23;14219.0;47.0;;;14221;70;;;;;14220.0;0.0
3;132400;ROSES;14220;18;14219.0;49.0;;;14221;67;;;;;14220.0;0.0
3;132500;ROSES;14218;15;14217.0;47.0;;;14219;62;;;;;14218.0;0.0
3;132600;ROSES;14216;69;;;;;14217;19;14218.0;50.0;;;14217.0;0.0
3;132700;ROSES;14221;67;;;;;14223;67;;;;;14222.0;0.0
3;132800;ROSES;14224;55;;;;;14225;19;14226.0;36.0;;;14225.0;0.0
3;132900;ROSES;14223;60;;;;;14224;17;14225.0;43.0;;;14224.0;0.0
3;133000;ROSES;14221;61;;;;;14222;25;14223.0;36.0;;;14222.0;0.0
3;133100;ROSES;14220;60;;;;;14221;60;;;;;14220.5;0.0
3;133200;ROSES;14218;64;;;;;14219;15;14220.0;49.0;;;14219.0;0.0
3;133300;ROSES;14220;74;;;;;14221;74;;;;;14220.5;0.0
3;133400;ROSES;14223;57;;;;;14224;57;;;;;14223.5;0.0
3;133500;ROSES;14219;26;14218.0;39.0;;;14220;65;;;;;14219.0;0.0
3;133600;ROSES;14220;20;14219.0;30.0;;;14221;50;;;;;14220.0;0.0
3;133700;ROSES;14220;9;14219.0;72.0;;;14221;72;;;;;14220.0;0.0
3;133800;ROSES;14219;25;14218.0;49.0;;;14220;74;;;;;14219.0;0.0
3;133900;ROSES;14221;77;;;;;14222;68;;;;;14221.5;0.0
3;134000;ROSES;14219;17;14218.0;39.0;;;14220;56;;;;;14219.0;0.0
3;134100;ROSES;14216;58;;;;;14218;58;;;;;14217.0;0.0
3;134200;ROSES;14216;65;;;;;14217;15;14218.0;50.0;;;14217.0;0.0
3;134300;ROSES;14214;58;;;;;14215;24;14216.0;34.0;;;14215.0;0.0
3;134400;ROSES;14213;29;14212.0;34.0;;;14214;63;;;;;14213.0;0.0
3;134500;ROSES;14215;55;;;;;14216;55;;;;;14215.5;0.0
3;134600;ROSES;14211;73;;;;;14213;73;;;;;14212.0;0.0
3;134700;ROSES;14215;23;14214.0;50.0;;;14216;73;;;;;14215.0;0.0
3;134800;ROSES;14218;67;;;;;14219;27;14220.0;40.0;;;14219.0;0.0
3;134900;ROSES;14217;58;;;;;14219;58;;;;;14218.0;0.0
3;135000;ROSES;14219;56;;;;;14220;22;14221.0;34.0;;;14220.0;0.0
3;135100;ROSES;14216;78;;;;;14218;78;;;;;14217.0;0.0
3;135200;ROSES;14216;27;14215.0;42.0;;;14217;69;;;;;14216.0;0.0
3;135300;ROSES;14214;55;;;;;14216;55;;;;;14215.0;0.0
3;135400;ROSES;14212;55;;;;;14213;22;14214.0;33.0;;;14213.0;0.0
3;135500;ROSES;14215;59;;;;;14216;59;;;;;14215.5;0.0
3;135600;ROSES;14216;61;;;;;14217;61;;;;;14216.5;0.0
3;135700;ROSES;14218;52;;;;;14220;52;;;;;14219.0;0.0
3;135800;ROSES;14214;69;;;;;14216;69;;;;;14215.0;0.0
3;135900;ROSES;14214;55;;;;;14215;22;14216.0;33.0;;;14215.0;0.0
3;136000;ROSES;14213;73;;;;;14214;29;14215.0;44.0;;;14214.0;0.0
3;136100;ROSES;14209;75;;;;;14210;29;14211.0;46.0;;;14210.0;0.0
3;136200;ROSES;14212;61;;;;;14213;18;14214.0;43.0;;;14213.0;0.0
3;136300;ROSES;14212;63;;;;;14214;63;;;;;14213.0;0.0
3;136400;ROSES;14213;57;;;;;14215;57;;;;;14214.0;0.0
3;136500;ROSES;14218;24;14217.0;32.0;;;14219;56;;;;;14218.0;0.0
3;136600;ROSES;14216;67;;;;;14218;67;;;;;14217.0;0.0
3;136700;ROSES;14221;64;;;;;14222;64;;;;;14221.5;0.0
3;136800;ROSES;14216;60;;;;;14217;60;;;;;14216.5;0.0
3;136900;ROSES;14220;71;;;;;14221;71;;;;;14220.5;0.0
3;137000;ROSES;14222;55;;;;;14223;24;14224.0;31.0;;;14223.0;0.0
3;137100;ROSES;14219;60;;;;;14220;28;14221.0;32.0;;;14220.0;0.0
3;137200;ROSES;14216;62;;;;;14217;62;;;;;14216.5;0.0
3;137300;ROSES;14223;58;;;;;14224;58;;;;;14223.5;0.0
3;137400;ROSES;14222;17;14221.0;47.0;;;14223;64;;;;;14222.0;0.0
3;137500;ROSES;14225;73;;;;;14226;73;;;;;14225.5;0.0
3;137600;ROSES;14226;74;;;;;14228;74;;;;;14227.0;0.0
3;137700;ROSES;14227;66;;;;;14228;66;;;;;14227.5;0.0
3;137800;ROSES;14227;17;14226.0;42.0;;;14228;59;;;;;14227.0;0.0
3;137900;ROSES;14223;64;;;;;14225;64;;;;;14224.0;0.0
3;138000;ROSES;14220;76;;;;;14222;76;;;;;14221.0;0.0
3;138100;ROSES;14218;75;;;;;14220;75;;;;;14219.0;0.0
3;138200;ROSES;14221;64;;;;;14222;17;14223.0;47.0;;;14222.0;0.0
3;138300;ROSES;14216;71;;;;;14217;21;14218.0;50.0;;;14217.0;0.0
3;138400;ROSES;14213;69;;;;;14215;69;;;;;14214.0;0.0
3;138500;ROSES;14215;71;;;;;14216;71;;;;;14215.5;0.0
3;138600;ROSES;14215;28;14214.0;37.0;;;14216;65;;;;;14215.0;0.0
3;138700;ROSES;14213;71;;;;;14215;71;;;;;14214.0;0.0
3;138800;ROSES;14211;51;;;;;14212;51;;;;;14211.5;0.0
3;138900;ROSES;14206;71;;;;;14208;71;;;;;14207.0;0.0
3;139000;ROSES;14204;65;;;;;14206;65;;;;;14205.0;0.0
3;139100;ROSES;14201;62;;;;;14203;62;;;;;14202.0;0.0
3;139200;ROSES;14200;58;;;;;14201;58;;;;;14200.5;0.0
3;139300;ROSES;14197;57;;;;;14199;57;;;;;14198.0;0.0
3;139400;ROSES;14193;71;;;;;14195;71;;;;;14194.0;0.0
3;139500;ROSES;14197;62;;;;;14198;62;;;;;14197.5;0.0
3;139600;ROSES;14191;75;;;;;14193;75;;;;;14192.0;0.0
3;139700;ROSES;14194;26;14193.0;39.0;;;14195;65;;;;;14194.0;0.0
3;139800;ROSES;14192;60;;;;;14194;60;;;;;14193.0;0.0
3;139900;ROSES;14191;69;;;;;14192;69;;;;;14191.5;0.0
3;140000;ROSES;14187;56;;;;;14189;56;;;;;14188.0;0.0
3;140100;ROSES;14185;62;;;;;14186;62;;;;;14185.5;0.0
3;140200;ROSES;14184;16;14183.0;35.0;;;14185;51;;;;;14184.0;0.0
3;140300;ROSES;14178;61;;;;;14179;61;;;;;14178.5;0.0
3;140400;ROSES;14181;23;14180.0;31.0;;;14182;54;;;;;14181.0;0.0
3;140500;ROSES;14181;63;;;;;14182;63;;;;;14181.5;0.0
3;140600;ROSES;14181;54;;;;;14182;54;;;;;14181.5;0.0
3;140700;ROSES;14181;18;14180.0;38.0;;;14182;56;;;;;14181.0;0.0
3;140800;ROSES;14183;56;;;;;14185;56;;;;;14184.0;0.0
3;140900;ROSES;14183;57;;;;;14185;57;;;;;14184.0;0.0
3;141000;ROSES;14185;61;;;;;14187;61;;;;;14186.0;0.0
3;141100;ROSES;14183;62;;;;;14185;62;;;;;14184.0;0.0
3;141200;ROSES;14188;58;;;;;14189;28;14190.0;30.0;;;14189.0;0.0
3;141300;ROSES;14186;58;;;;;14187;26;14188.0;32.0;;;14187.0;0.0
3;141400;ROSES;14183;58;;;;;14184;22;14185.0;36.0;;;14184.0;0.0
3;141500;ROSES;14181;56;;;;;14183;56;;;;;14182.0;0.0
3;141600;ROSES;14184;25;14183.0;36.0;;;14185;61;;;;;14184.0;0.0
3;141700;ROSES;14188;63;;;;;14189;63;;;;;14188.5;0.0
3;141800;ROSES;14189;16;14188.0;48.0;;;14190;64;;;;;14189.0;0.0
3;141900;ROSES;14194;62;;;;;14196;62;;;;;14195.0;0.0
3;142000;ROSES;14191;54;;;;;14193;54;;;;;14192.0;0.0
3;142100;ROSES;14189;69;;;;;14191;69;;;;;14190.0;0.0
3;142200;ROSES;14188;53;;;;;14189;53;;;;;14188.5;0.0
3;142300;ROSES;14192;9;14191.0;73.0;;;14193;73;;;;;14192.0;0.0
3;142400;ROSES;14189;57;;;;;14190;57;;;;;14189.5;0.0
3;142500;ROSES;14189;30;14188.0;31.0;;;14190;61;;;;;14189.0;0.0
3;142600;ROSES;14185;63;;;;;14187;63;;;;;14186.0;0.0
3;142700;ROSES;14186;63;;;;;14187;63;;;;;14186.5;0.0
3;142800;ROSES;14183;57;;;;;14185;57;;;;;14184.0;0.0
3;142900;ROSES;14191;63;;;;;14193;63;;;;;14192.0;0.0
3;143000;ROSES;14193;72;;;;;14195;72;;;;;14194.0;0.0
3;143100;ROSES;14192;72;;;;;14193;72;;;;;14192.5;0.0
3;143200;ROSES;14194;58;;;;;14195;27;14196.0;31.0;;;14195.0;0.0
3;143300;ROSES;14194;66;;;;;14195;66;;;;;14194.5;0.0
3;143400;ROSES;14192;55;;;;;14193;55;;;;;14192.5;0.0
3;143500;ROSES;14193;73;;;;;14194;29;14195.0;44.0;;;14194.0;0.0
3;143600;ROSES;14189;76;;;;;14190;28;14191.0;48.0;;;14190.0;0.0
3;143700;ROSES;14193;62;;;;;14194;62;;;;;14193.5;0.0
3;143800;ROSES;14196;62;;;;;14198;62;;;;;14197.0;0.0
3;143900;ROSES;14193;71;;;;;14194;27;14195.0;44.0;;;14194.0;0.0
3;144000;ROSES;14193;19;14192.0;41.0;;;14194;60;;;;;14193.0;0.0
3;144100;ROSES;14187;51;;;;;14189;51;;;;;14188.0;0.0
3;144200;ROSES;14189;65;;;;;14190;65;;;;;14189.5;0.0
3;144300;ROSES;14189;64;;;;;14191;64;;;;;14190.0;0.0
3;144400;ROSES;14190;70;;;;;14191;70;;;;;14190.5;0.0
3;144500;ROSES;14188;69;;;;;14189;3;14190.0;69.0;;;14189.0;0.0
3;144600;ROSES;14188;76;;;;;14189;26;14190.0;50.0;;;14189.0;0.0
3;144700;ROSES;14186;70;;;;;14187;27;14188.0;43.0;;;14187.0;0.0
3;144800;ROSES;14185;79;;;;;14187;79;;;;;14186.0;0.0
3;144900;ROSES;14183;67;;;;;14185;67;;;;;14184.0;0.0
3;145000;ROSES;14182;25;14181.0;40.0;;;14183;65;;;;;14182.0;0.0
3;145100;ROSES;14180;15;14179.0;42.0;;;14181;57;;;;;14180.0;0.0
3;145200;ROSES;14173;21;14172.0;41.0;;;14174;62;;;;;14173.0;0.0
3;145300;ROSES;14170;53;;;;;14172;53;;;;;14171.0;0.0
3;145400;ROSES;14172;59;;;;;14174;59;;;;;14173.0;0.0
3;145500;ROSES;14176;80;;;;;14177;30;14178.0;50.0;;;14177.0;0.0
3;145600;ROSES;14175;30;14174.0;39.0;;;14176;69;;;;;14175.0;0.0
3;145700;ROSES;14175;18;14174.0;34.0;;;14176;52;;;;;14175.0;0.0
3;145800;ROSES;14178;59;;;;;14179;59;;;;;14178.5;0.0
3;145900;ROSES;14173;62;;;;;14175;62;;;;;14174.0;0.0
3;146000;ROSES;14174;65;;;;;14176;65;;;;;14175.0;0.0
3;146100;ROSES;14170;27;14169.0;50.0;;;14171;77;;;;;14170.0;0.0
3;146200;ROSES;14170;45;;;;;14172;45;;;;;14171.0;0.0
3;146300;ROSES;14170;22;14169.0;41.0;;;14171;63;;;;;14170.0;0.0
3;146400;ROSES;14169;64;;;;;14171;64;;;;;14170.0;0.0
3;146500;ROSES;14168;59;;;;;14170;59;;;;;14169.0;0.0
3;146600;ROSES;14174;27;14173.0;39.0;;;14175;66;;;;;14174.0;0.0
3;146700;ROSES;14166;51;;;;;14167;20;14168.0;31.0;;;14167.0;0.0
3;146800;ROSES;14162;59;;;;;14163;20;14164.0;39.0;;;14163.0;0.0
3;146900;ROSES;14163;30;14162.0;33.0;;;14164;63;;;;;14163.0;0.0
3;147000;ROSES;14163;77;;;;;14164;29;14165.0;48.0;;;14164.0;0.0
3;147100;ROSES;14161;78;;;;;14162;78;;;;;14161.5;0.0
3;147200;ROSES;14162;63;;;;;14163;63;;;;;14162.5;0.0
3;147300;ROSES;14162;15;14161.0;40.0;;;14163;55;;;;;14162.0;0.0
3;147400;ROSES;14162;47;;;;;14163;47;;;;;14162.5;0.0
3;147500;ROSES;14165;16;14164.0;37.0;;;14166;53;;;;;14165.0;0.0
3;147600;ROSES;14162;64;;;;;14163;28;14164.0;36.0;;;14163.0;0.0
3;147700;ROSES;14163;16;14162.0;47.0;;;14164;63;;;;;14163.0;0.0
3;147800;ROSES;14165;73;;;;;14166;73;;;;;14165.5;0.0
3;147900;ROSES;14163;69;;;;;14165;69;;;;;14164.0;0.0
3;148000;ROSES;14167;27;14166.0;31.0;;;14168;58;;;;;14167.0;0.0
3;148100;ROSES;14164;59;;;;;14165;16;14166.0;43.0;;;14165.0;0.0
3;148200;ROSES;14159;54;;;;;14161;54;;;;;14160.0;0.0
3;148300;ROSES;14156;62;;;;;14158;62;;;;;14157.0;0.0
3;148400;ROSES;14156;65;;;;;14158;65;;;;;14157.0;0.0
3;148500;ROSES;14159;51;;;;;14160;51;;;;;14159.5;0.0
3;148600;ROSES;14158;67;;;;;14159;67;;;;;14158.5;0.0
3;148700;ROSES;14157;78;;;;;14159;78;;;;;14158.0;0.0
3;148800;ROSES;14157;66;;;;;14158;20;14159.0;46.0;;;14158.0;0.0
3;148900;ROSES;14159;74;;;;;14160;74;;;;;14159.5;0.0
3;149000;ROSES;14156;69;;;;;14157;69;;;;;14156.5;0.0
3;149100;ROSES;14155;49;;;;;14157;49;;;;;14156.0;0.0
3;149200;ROSES;14153;16;14152.0;50.0;;;14154;66;;;;;14153.0;0.0
3;149300;ROSES;14154;24;14153.0;42.0;;;14155;66;;;;;14154.0;0.0
3;149400;ROSES;14156;47;;;;;14157;58;;;;;14156.5;0.0
3;149500;ROSES;14150;5;14149.0;63.0;;;14151;63;;;;;14150.0;0.0
3;149600;ROSES;14150;51;;;;;14151;51;;;;;14150.5;0.0
3;149700;ROSES;14149;63;;;;;14150;16;14151.0;47.0;;;14150.0;0.0
3;149800;ROSES;14151;60;;;;;14152;60;;;;;14151.5;0.0
3;149900;ROSES;14149;75;;;;;14150;75;;;;;14149.5;0.0
3;150000;ROSES;14149;21;14148.0;42.0;;;14150;63;;;;;14149.0;0.0
3;150100;ROSES;14145;59;;;;;14146;16;14147.0;43.0;;;14146.0;0.0
3;150200;ROSES;14147;57;;;;;14148;25;14149.0;32.0;;;14148.0;0.0
3;150300;ROSES;14153;65;;;;;14154;28;14155.0;37.0;;;14154.0;0.0
3;150400;ROSES;14154;24;14153.0;48.0;;;14155;72;;;;;14154.0;0.0
3;150500;ROSES;14158;17;14157.0;46.0;;;14159;63;;;;;14158.0;0.0
3;150600;ROSES;14162;62;;;;;14163;62;;;;;14162.5;0.0
3;150700;ROSES;14161;58;;;;;14162;58;;;;;14161.5;0.0
3;150800;ROSES;14161;67;;;;;14162;67;;;;;14161.5;0.0
3;150900;ROSES;14161;59;;;;;14163;59;;;;;14162.0;0.0
3;151000;ROSES;14164;54;;;;;14165;54;;;;;14164.5;0.0
3;151100;ROSES;14162;59;;;;;14163;59;;;;;14162.5;0.0
3;151200;ROSES;14164;70;;;;;14165;70;;;;;14164.5;0.0
3;151300;ROSES;14161;63;;;;;14163;63;;;;;14162.0;0.0
3;151400;ROSES;14163;56;;;;;14164;56;;;;;14163.5;0.0
3;151500;ROSES;14163;77;;;;;14164;77;;;;;14163.5;0.0
3;151600;ROSES;14158;51;;;;;14159;51;;;;;14158.5;0.0
3;151700;ROSES;14157;29;14156.0;35.0;;;14158;64;;;;;14157.0;0.0
3;151800;ROSES;14158;63;;;;;14159;63;;;;;14158.5;0.0
3;151900;ROSES;14157;62;;;;;14159;62;;;;;14158.0;0.0
3;152000;ROSES;14158;68;;;;;14159;68;;;;;14158.5;0.0
3;152100;ROSES;14164;69;;;;;14165;69;;;;;14164.5;0.0
3;152200;ROSES;14160;66;;;;;14161;18;14162.0;48.0;;;14161.0;0.0
3;152300;ROSES;14158;60;;;;;14159;60;;;;;14158.5;0.0
3;152400;ROSES;14156;75;;;;;14157;75;;;;;14156.5;0.0
3;152500;ROSES;14156;26;14155.0;31.0;;;14157;57;;;;;14156.0;0.0
3;152600;ROSES;14154;61;;;;;14155;19;14156.0;42.0;;;14155.0;0.0
3;152700;ROSES;14153;58;;;;;14155;58;;;;;14154.0;0.0
3;152800;ROSES;14151;60;;;;;14152;60;;;;;14151.5;0.0
3;152900;ROSES;14149;74;;;;;14150;74;;;;;14149.5;0.0
3;153000;ROSES;14154;67;;;;;14155;67;;;;;14154.5;0.0
3;153100;ROSES;14161;23;14160.0;49.0;;;14162;72;;;;;14161.0;0.0
3;153200;ROSES;14160;62;;;;;14161;62;;;;;14160.5;0.0
3;153300;ROSES;14160;64;;;;;14161;23;14162.0;41.0;;;14161.0;0.0
3;153400;ROSES;14155;52;;;;;14157;52;;;;;14156.0;0.0
3;153500;ROSES;14154;54;;;;;14155;21;14156.0;33.0;;;14155.0;0.0
3;153600;ROSES;14156;63;;;;;14157;29;14158.0;34.0;;;14157.0;0.0
3;153700;ROSES;14157;66;;;;;14158;19;14159.0;47.0;;;14158.0;0.0
3;153800;ROSES;14156;65;;;;;14158;65;;;;;14157.0;0.0
3;153900;ROSES;14161;74;;;;;14162;27;14163.0;47.0;;;14162.0;0.0
3;154000;ROSES;14169;77;;;;;14170;28;14171.0;49.0;;;14170.0;0.0
3;154100;ROSES;14168;50;;;;;14170;50;;;;;14169.0;0.0
3;154200;ROSES;14165;64;;;;;14167;64;;;;;14166.0;0.0
3;154300;ROSES;14167;59;;;;;14168;19;14169.0;40.0;;;14168.0;0.0
3;154400;ROSES;14169;65;;;;;14171;65;;;;;14170.0;0.0
3;154500;ROSES;14167;59;;;;;14168;59;;;;;14167.5;0.0
3;154600;ROSES;14167;19;14166.0;44.0;;;14168;63;;;;;14167.0;0.0
3;154700;ROSES;14169;47;;;;;14171;47;;;;;14170.0;0.0
3;154800;ROSES;14170;61;;;;;14172;61;;;;;14171.0;0.0
3;154900;ROSES;14168;54;;;;;14169;54;;;;;14168.5;0.0
3;155000;ROSES;14170;65;;;;;14172;60;;;;;14171.0;0.0
3;155100;ROSES;14168;51;;;;;14169;51;;;;;14168.5;0.0
3;155200;ROSES;14172;72;;;;;14173;72;;;;;14172.5;0.0
3;155300;ROSES;14172;61;;;;;14173;61;;;;;14172.5;0.0
3;155400;ROSES;14167;30;14166.0;34.0;;;14168;64;;;;;14167.0;0.0
3;155500;ROSES;14164;71;;;;;14165;22;14166.0;49.0;;;14165.0;0.0
3;155600;ROSES;14166;54;;;;;14167;22;14168.0;32.0;;;14167.0;0.0
3;155700;ROSES;14171;53;;;;;14172;22;14173.0;31.0;;;14172.0;0.0
3;155800;ROSES;14172;56;;;;;14173;56;;;;;14172.5;0.0
3;155900;ROSES;14171;51;;;;;14172;19;14173.0;32.0;;;14172.0;0.0
3;156000;ROSES;14177;73;;;;;14179;73;;;;;14178.0;0.0
3;156100;ROSES;14174;15;14173.0;40.0;;;14175;55;;;;;14174.0;0.0
3;156200;ROSES;14176;65;;;;;14178;65;;;;;14177.0;0.0
3;156300;ROSES;14172;57;;;;;14173;57;;;;;14172.5;0.0
3;156400;ROSES;14167;68;;;;;14168;21;14169.0;47.0;;;14168.0;0.0
3;156500;ROSES;14164;76;;;;;14165;76;;;;;14164.5;0.0
3;156600;ROSES;14166;63;;;;;14167;18;14168.0;45.0;;;14167.0;0.0
3;156700;ROSES;14167;15;14166.0;47.0;;;14168;62;;;;;14167.0;0.0
3;156800;ROSES;14166;75;;;;;14167;25;14168.0;50.0;;;14167.0;0.0
3;156900;ROSES;14167;57;;;;;14168;27;14169.0;30.0;;;14168.0;0.0
3;157000;ROSES;14165;59;;;;;14166;18;14167.0;41.0;;;14166.0;0.0
3;157100;ROSES;14169;50;;;;;14170;15;14171.0;35.0;;;14170.0;0.0
3;157200;ROSES;14169;70;;;;;14171;70;;;;;14170.0;0.0
3;157300;ROSES;14171;17;14170.0;43.0;;;14172;60;;;;;14171.0;0.0
3;157400;ROSES;14167;55;;;;;14168;55;;;;;14167.5;0.0
3;157500;ROSES;14167;16;14166.0;31.0;;;14168;47;;;;;14167.0;0.0
3;157600;ROSES;14163;78;;;;;14165;69;;;;;14164.0;0.0
3;157700;ROSES;14165;62;;;;;14166;20;14167.0;42.0;;;14166.0;0.0
3;157800;ROSES;14160;53;;;;;14162;53;;;;;14161.0;0.0
3;157900;ROSES;14162;65;;;;;14164;65;;;;;14163.0;0.0
3;158000;ROSES;14165;59;;;;;14166;22;14167.0;37.0;;;14166.0;0.0
3;158100;ROSES;14167;24;14166.0;46.0;;;14168;70;;;;;14167.0;0.0
3;158200;ROSES;14170;51;;;;;14171;51;;;;;14170.5;0.0
3;158300;ROSES;14174;55;;;;;14175;22;14176.0;33.0;;;14175.0;0.0
3;158400;ROSES;14173;63;;;;;14174;22;14175.0;41.0;;;14174.0;0.0
3;158500;ROSES;14172;28;14171.0;46.0;;;14173;74;;;;;14172.0;0.0
3;158600;ROSES;14170;68;;;;;14172;68;;;;;14171.0;0.0
3;158700;ROSES;14170;74;;;;;14171;29;14172.0;45.0;;;14171.0;0.0
3;158800;ROSES;14170;24;14169.0;38.0;;;14171;62;;;;;14170.0;0.0
3;158900;ROSES;14169;69;;;;;14170;69;;;;;14169.5;0.0
3;159000;ROSES;14173;64;;;;;14175;64;;;;;14174.0;0.0
3;159100;ROSES;14173;62;;;;;14175;62;;;;;14174.0;0.0
3;159200;ROSES;14172;56;;;;;14173;23;14174.0;33.0;;;14173.0;0.0
3;159300;ROSES;14176;73;;;;;14177;29;14178.0;44.0;;;14177.0;0.0
3;159400;ROSES;14173;69;;;;;14174;69;;;;;14173.5;0.0
3;159500;ROSES;14173;22;14172.0;49.0;;;14174;71;;;;;14173.0;0.0
3;159600;ROSES;14174;51;;;;;14175;51;;;;;14174.5;0.0
3;159700;ROSES;14176;23;14175.0;37.0;;;14177;60;;;;;14176.0;0.0
3;159800;ROSES;14172;52;;;;;14173;16;14174.0;36.0;;;14173.0;0.0
3;159900;ROSES;14168;64;;;;;14170;64;;;;;14169.0;0.0
3;160000;ROSES;14165;56;;;;;14166;56;;;;;14165.5;0.0
3;160100;ROSES;14162;64;;;;;14164;64;;;;;14163.0;0.0
3;160200;ROSES;14165;63;;;;;14166;4;14167.0;63.0;;;14166.0;0.0
3;160300;ROSES;14165;58;;;;;14166;27;14167.0;31.0;;;14166.0;0.0
3;160400;ROSES;14166;76;;;;;14167;76;;;;;14166.5;0.0
3;160500;ROSES;14163;52;;;;;14165;52;;;;;14164.0;0.0
3;160600;ROSES;14162;69;;;;;14163;69;;;;;14162.5;0.0
3;160700;ROSES;14163;55;;;;;14165;55;;;;;14164.0;0.0
3;160800;ROSES;14164;55;;;;;14166;55;;;;;14165.0;0.0
3;160900;ROSES;14163;68;;;;;14165;68;;;;;14164.0;0.0
3;161000;ROSES;14166;69;;;;;14167;69;;;;;14166.5;0.0
3;161100;ROSES;14164;58;;;;;14165;25;14166.0;33.0;;;14165.0;0.0
3;161200;ROSES;14162;55;;;;;14164;55;;;;;14163.0;0.0
3;161300;ROSES;14161;60;;;;;14162;24;14163.0;36.0;;;14162.0;0.0
3;161400;ROSES;14159;58;;;;;14161;58;;;;;14160.0;0.0
3;161500;ROSES;14161;61;;;;;14163;61;;;;;14162.0;0.0
3;161600;ROSES;14157;63;;;;;14158;23;14159.0;40.0;;;14158.0;0.0
3;161700;ROSES;14158;65;;;;;14160;65;;;;;14159.0;0.0
3;161800;ROSES;14153;61;;;;;14154;29;14155.0;32.0;;;14154.0;0.0
3;161900;ROSES;14148;56;;;;;14149;17;14150.0;39.0;;;14149.0;0.0
3;162000;ROSES;14148;75;;;;;14149;75;;;;;14148.5;0.0
3;162100;ROSES;14149;18;14148.0;30.0;;;14150;48;;;;;14149.0;0.0
3;162200;ROSES;14148;76;;;;;14149;26;14150.0;50.0;;;14149.0;0.0
3;162300;ROSES;14142;54;;;;;14144;54;;;;;14143.0;0.0
3;162400;ROSES;14145;64;;;;;14147;64;;;;;14146.0;0.0
3;162500;ROSES;14148;60;;;;;14149;16;14150.0;44.0;;;14149.0;0.0
3;162600;ROSES;14146;28;14145.0;48.0;;;14147;76;;;;;14146.0;0.0
3;162700;ROSES;14149;65;;;;;14150;24;14151.0;41.0;;;14150.0;0.0
3;162800;ROSES;14147;65;;;;;14149;65;;;;;14148.0;0.0
3;162900;ROSES;14147;55;;;;;14149;55;;;;;14148.0;0.0
3;163000;ROSES;14145;53;;;;;14146;53;;;;;14145.5;0.0
3;163100;ROSES;14142;53;;;;;14143;17;14144.0;36.0;;;14143.0;0.0
3;163200;ROSES;14138;59;;;;;14139;59;;;;;14138.5;0.0
3;163300;ROSES;14137;47;;;;;14138;47;;;;;14137.5;0.0
3;163400;ROSES;14138;68;;;;;14140;68;;;;;14139.0;0.0
3;163500;ROSES;14137;73;;;;;14139;73;;;;;14138.0;0.0
3;163600;ROSES;14139;63;;;;;14140;63;;;;;14139.5;0.0
3;163700;ROSES;14141;69;;;;;14142;69;;;;;14141.5;0.0
3;163800;ROSES;14145;63;;;;;14146;63;;;;;14145.5;0.0
3;163900;ROSES;14147;57;;;;;14149;57;;;;;14148.0;0.0
3;164000;ROSES;14147;59;;;;;14149;59;;;;;14148.0;0.0
3;164100;ROSES;14148;74;;;;;14149;27;14150.0;47.0;;;14149.0;0.0
3;164200;ROSES;14148;29;14147.0;38.0;;;14149;67;;;;;14148.0;0.0
3;164300;ROSES;14145;67;;;;;14146;30;14147.0;37.0;;;14146.0;0.0
3;164400;ROSES;14142;61;;;;;14143;61;;;;;14142.5;0.0
3;164500;ROSES;14146;63;;;;;14147;26;14148.0;37.0;;;14147.0;0.0
3;164600;ROSES;14144;22;14143.0;35.0;;;14145;57;;;;;14144.0;0.0
3;164700;ROSES;14145;76;;;;;14146;26;14147.0;50.0;;;14146.0;0.0
3;164800;ROSES;14149;58;;;;;14150;58;;;;;14149.5;0.0
3;164900;ROSES;14149;63;;;;;14151;63;;;;;14150.0;0.0
3;165000;ROSES;14148;59;;;;;14149;59;;;;;14148.5;0.0
3;165100;ROSES;14149;60;;;;;14150;60;;;;;14149.5;0.0
3;165200;ROSES;14153;54;;;;;14154;54;;;;;14153.5;0.0
3;165300;ROSES;14150;49;;;;;14151;18;14152.0;31.0;;;14151.0;0.0
3;165400;ROSES;14148;16;14147.0;33.0;;;14149;49;;;;;14148.0;0.0
3;165500;ROSES;14146;63;;;;;14147;22;14148.0;32.0;;;14147.0;0.0
3;165600;ROSES;14148;60;;;;;14149;20;14150.0;40.0;;;14149.0;0.0
3;165700;ROSES;14150;65;;;;;14152;65;;;;;14151.0;0.0
3;165800;ROSES;14149;30;14148.0;47.0;;;14150;77;;;;;14149.0;0.0
3;165900;ROSES;14149;59;;;;;14150;59;;;;;14149.5;0.0
3;166000;ROSES;14151;62;;;;;14152;22;14153.0;40.0;;;14152.0;0.0
3;166100;ROSES;14148;61;;;;;14149;61;;;;;14148.5;0.0
3;166200;ROSES;14147;69;;;;;14149;69;;;;;14148.0;0.0
3;166300;ROSES;14148;68;;;;;14150;68;;;;;14149.0;0.0
3;166400;ROSES;14150;67;;;;;14151;22;14152.0;45.0;;;14151.0;0.0
3;166500;ROSES;14152;69;;;;;14153;60;;;;;14152.5;0.0
3;166600;ROSES;14148;65;;;;;14149;65;;;;;14148.5;0.0
3;166700;ROSES;14148;30;14147.0;48.0;;;14149;78;;;;;14148.0;0.0
3;166800;ROSES;14146;58;;;;;14147;25;14148.0;33.0;;;14147.0;0.0
3;166900;ROSES;14147;23;14146.0;50.0;;;14148;73;;;;;14147.0;0.0
3;167000;ROSES;14148;18;14147.0;37.0;;;14149;55;;;;;14148.0;0.0
3;167100;ROSES;14147;61;;;;;14149;61;;;;;14148.0;0.0
3;167200;ROSES;14148;67;;;;;14149;67;;;;;14148.5;0.0
3;167300;ROSES;14154;28;14153.0;35.0;;;14155;63;;;;;14154.0;0.0
3;167400;ROSES;14159;27;14158.0;44.0;;;14160;71;;;;;14159.0;0.0
3;167500;ROSES;14161;61;;;;;14162;61;;;;;14161.5;0.0
3;167600;ROSES;14161;58;;;;;14162;19;14163.0;39.0;;;14162.0;0.0
3;167700;ROSES;14166;70;;;;;14168;70;;;;;14167.0;0.0
3;167800;ROSES;14165;23;14164.0;48.0;;;14166;71;;;;;14165.0;0.0
3;167900;ROSES;14160;74;;;;;14161;74;;;;;14160.5;0.0
3;168000;ROSES;14159;50;;;;;14161;50;;;;;14160.0;0.0
3;168100;ROSES;14157;23;14156.0;31.0;;;14158;54;;;;;14157.0;0.0
3;168200;ROSES;14150;72;;;;;14152;72;;;;;14151.0;0.0
3;168300;ROSES;14147;56;;;;;14149;56;;;;;14148.0;0.0
3;168400;ROSES;14146;74;;;;;14147;30;14148.0;44.0;;;14147.0;0.0
3;168500;ROSES;14145;29;14144.0;31.0;;;14146;60;;;;;14145.0;0.0
3;168600;ROSES;14146;17;14145.0;42.0;;;14147;59;;;;;14146.0;0.0
3;168700;ROSES;14147;69;;;;;14148;25;14149.0;44.0;;;14148.0;0.0
3;168800;ROSES;14149;18;14148.0;31.0;;;14150;49;;;;;14149.0;0.0
3;168900;ROSES;14145;67;;;;;14147;67;;;;;14146.0;0.0
3;169000;ROSES;14147;52;;;;;14149;52;;;;;14148.0;0.0
3;169100;ROSES;14151;73;;;;;14153;73;;;;;14152.0;0.0
3;169200;ROSES;14151;26;14150.0;31.0;;;14152;57;;;;;14151.0;0.0
3;169300;ROSES;14150;55;;;;;14151;55;;;;;14150.5;0.0
3;169400;ROSES;14151;64;;;;;14152;17;14153.0;40.0;;;14152.0;0.0
3;169500;ROSES;14153;19;14152.0;46.0;;;14154;65;;;;;14153.0;0.0
3;169600;ROSES;14153;29;14152.0;49.0;;;14154;78;;;;;14153.0;0.0
3;169700;ROSES;14154;29;14153.0;31.0;;;14155;60;;;;;14154.0;0.0
3;169800;ROSES;14151;60;;;;;14152;60;;;;;14151.5;0.0
3;169900;ROSES;14146;68;;;;;14147;68;;;;;14146.5;0.0
3;170000;ROSES;14144;58;;;;;14146;58;;;;;14145.0;0.0
3;170100;ROSES;14143;67;;;;;14144;67;;;;;14143.5;0.0
3;170200;ROSES;14143;25;14142.0;47.0;;;14144;72;;;;;14143.0;0.0
3;170300;ROSES;14141;66;;;;;14142;22;14143.0;44.0;;;14142.0;0.0
3;170400;ROSES;14138;48;;;;;14140;48;;;;;14139.0;0.0
3;170500;ROSES;14139;30;14138.0;50.0;;;14140;71;;;;;14139.0;0.0
3;170600;ROSES;14140;64;;;;;14141;64;;;;;14140.5;0.0
3;170700;ROSES;14139;65;;;;;14140;65;;;;;14139.5;0.0
3;170800;ROSES;14138;62;;;;;14139;62;;;;;14138.5;0.0
3;170900;ROSES;14138;55;;;;;14139;55;;;;;14138.5;0.0
3;171000;ROSES;14136;63;;;;;14137;18;14138.0;45.0;;;14137.0;0.0
3;171100;ROSES;14137;56;;;;;14139;56;;;;;14138.0;0.0
3;171200;ROSES;14136;28;14135.0;45.0;;;14137;73;;;;;14136.0;0.0
3;171300;ROSES;14130;60;;;;;14132;60;;;;;14131.0;0.0
3;171400;ROSES;14135;59;;;;;14136;59;;;;;14135.5;0.0
3;171500;ROSES;14136;63;;;;;14137;63;;;;;14136.5;0.0
3;171600;ROSES;14138;56;;;;;14139;16;14140.0;40.0;;;14139.0;0.0
3;171700;ROSES;14137;66;;;;;14139;66;;;;;14138.0;0.0
3;171800;ROSES;14137;60;;;;;14138;60;;;;;14137.5;0.0
3;171900;ROSES;14137;67;;;;;14138;67;;;;;14137.5;0.0
3;172000;ROSES;14137;62;;;;;14138;20;14139.0;42.0;;;14138.0;0.0
3;172100;ROSES;14137;58;;;;;14138;58;;;;;14137.5;0.0
3;172200;ROSES;14134;62;;;;;14136;62;;;;;14135.0;0.0
3;172300;ROSES;14136;64;;;;;14137;64;;;;;14136.5;0.0
3;172400;ROSES;14136;66;;;;;14137;66;;;;;14136.5;0.0
3;172500;ROSES;14141;64;;;;;14142;64;;;;;14141.5;0.0
3;172600;ROSES;14139;24;14138.0;49.0;;;14140;73;;;;;14139.0;0.0
3;172700;ROSES;14138;21;14137.0;31.0;;;14139;52;;;;;14138.0;0.0
3;172800;ROSES;14137;63;;;;;14139;63;;;;;14138.0;0.0
3;172900;ROSES;14132;60;;;;;14133;30;14134.0;30.0;;;14132.5;0.0
3;173000;ROSES;14130;15;14129.0;35.0;;;14131;50;;;;;14130.0;0.0
3;173100;ROSES;14124;61;;;;;14126;61;;;;;14125.0;0.0
3;173200;ROSES;14122;61;;;;;14124;61;;;;;14123.0;0.0
3;173300;ROSES;14123;29;14122.0;48.0;;;14124;70;;;;;14123.0;0.0
3;173400;ROSES;14123;67;;;;;14124;67;;;;;14123.5;0.0
3;173500;ROSES;14126;20;14125.0;35.0;;;14127;55;;;;;14126.0;0.0
3;173600;ROSES;14126;66;;;;;14127;20;14128.0;46.0;;;14127.0;0.0
3;173700;ROSES;14129;15;14128.0;32.0;;;14130;47;;;;;14129.0;0.0
3;173800;ROSES;14130;56;;;;;14131;56;;;;;14130.5;0.0
3;173900;ROSES;14124;75;;;;;14125;75;;;;;14124.5;0.0
3;174000;ROSES;14124;56;;;;;14126;56;;;;;14125.0;0.0
3;174100;ROSES;14120;71;;;;;14121;25;14122.0;46.0;;;14121.0;0.0
3;174200;ROSES;14122;16;14121.0;46.0;;;14123;62;;;;;14122.0;0.0
3;174300;ROSES;14125;49;;;;;14126;49;;;;;14125.5;0.0
3;174400;ROSES;14129;24;14128.0;31.0;;;14130;55;;;;;14129.0;0.0
3;174500;ROSES;14129;57;;;;;14131;57;;;;;14130.0;0.0
3;174600;ROSES;14129;53;;;;;14131;53;;;;;14130.0;0.0
3;174700;ROSES;14126;18;14125.0;30.0;;;14127;48;;;;;14126.0;0.0
3;174800;ROSES;14127;63;;;;;14129;63;;;;;14128.0;0.0
3;174900;ROSES;14128;65;;;;;14129;21;14130.0;44.0;;;14129.0;0.0
