day;timestamp;product;bid_price_1;bid_volume_1;bid_price_2;bid_volume_2;bid_price_3;bid_volume_3;ask_price_1;ask_volume_1;ask_price_2;ask_volume_2;ask_price_3;ask_volume_3;mid_price;profit_and_loss
3;0;STRAWBERRIES;3984;181;;;;;3986;181;;;;;3985.0;0.0
3;100;STRAWBERRIES;3984;189;;;;;3986;189;;;;;3985.0;0.0
3;200;STRAWBERRIES;3984;228;;;;;3986;228;;;;;3985.0;0.0
3;300;STRAWBERRIES;3984;252;;;;;3985;53;3986.0;199.0;;;3985.0;0.0
3;400;STRAWBERRIES;3984;267;;;;;3986;267;;;;;3985.0;0.0
3;500;STRAWBERRIES;3984;286;;;;;3985;86;3986.0;200.0;;;3985.0;0.0
3;600;STRAWBERRIES;3984;256;;;;;3985;256;;;;;3984.5;0.0
3;700;STRAWBERRIES;3984;261;;;;;3985;63;3986.0;198.0;;;3985.0;0.0
3;800;STRAWBERRIES;3984;225;;;;;3985;225;;;;;3984.5;0.0
3;900;STRAWBERRIES;3983;222;;;;;3985;222;;;;;3984.0;0.0
3;1000;STRAWBERRIES;3983;241;;;;;3984;241;;;;;3983.5;0.0
3;1100;STRAWBERRIES;3983;68;3982.0;150.0;;;3984;218;;;;;3983.0;0.0
3;1200;STRAWBERRIES;3983;262;;;;;3984;262;;;;;3983.5;0.0
3;1300;STRAWBERRIES;3982;249;;;;;3984;249;;;;;3983.0;0.0
3;1400;STRAWBERRIES;3983;98;3982.0;169.0;;;3984;267;;;;;3983.0;0.0
3;1500;STRAWBERRIES;3983;192;;;;;3984;192;;;;;3983.5;0.0
3;1600;STRAWBERRIES;3983;64;3982.0;185.0;;;3984;249;;;;;3983.0;0.0
3;1700;STRAWBERRIES;3982;236;;;;;3984;236;;;;;3983.0;0.0
3;1800;STRAWBERRIES;3982;175;;;;;3984;175;;;;;3983.0;0.0
3;1900;STRAWBERRIES;3982;267;;;;;3984;267;;;;;3983.0;0.0
3;2000;STRAWBERRIES;3982;263;;;;;3983;75;3984.0;188.0;;;3983.0;0.0
3;2100;STRAWBERRIES;3982;216;;;;;3983;68;3984.0;148.0;;;3983.0;0.0
3;2200;STRAWBERRIES;3981;253;;;;;3983;253;;;;;3982.0;0.0
3;2300;STRAWBERRIES;3982;225;;;;;3983;225;;;;;3982.5;0.0
3;2400;STRAWBERRIES;3982;236;;;;;3983;236;;;;;3982.5;0.0
3;2500;STRAWBERRIES;3982;222;;;;;3983;68;3984.0;154.0;;;3983.0;0.0
3;2600;STRAWBERRIES;3982;214;;;;;3984;214;;;;;3983.0;0.0
3;2700;STRAWBERRIES;3983;250;;;;;3984;255;;;;;3983.5;0.0
3;2800;STRAWBERRIES;3983;185;;;;;3984;185;;;;;3983.5;0.0
3;2900;STRAWBERRIES;3982;229;;;;;3984;229;;;;;3983.0;0.0
3;3000;STRAWBERRIES;3982;203;;;;;3983;55;3984.0;148.0;;;3983.0;0.0
3;3100;STRAWBERRIES;3982;261;;;;;3983;261;;;;;3982.5;0.0
3;3200;STRAWBERRIES;3981;173;;;;;3983;173;;;;;3982.0;0.0
3;3300;STRAWBERRIES;3981;208;;;;;3983;208;;;;;3982.0;0.0
3;3400;STRAWBERRIES;3982;90;3981.0;122.0;;;3983;201;;;;;3982.0;0.0
3;3500;STRAWBERRIES;3981;232;;;;;3982;88;3983.0;144.0;;;3982.0;0.0
3;3600;STRAWBERRIES;3981;218;;;;;3983;218;;;;;3982.0;0.0
3;3700;STRAWBERRIES;3981;206;;;;;3983;206;;;;;3982.0;0.0
3;3800;STRAWBERRIES;3982;61;3981.0;126.0;;;3983;187;;;;;3982.0;0.0
3;3900;STRAWBERRIES;3982;53;3981.0;140.0;;;3983;193;;;;;3982.0;0.0
3;4000;STRAWBERRIES;3982;79;3981.0;144.0;;;3983;223;;;;;3982.0;0.0
3;4100;STRAWBERRIES;3982;99;3981.0;188.0;;;3983;283;;;;;3982.0;0.0
3;4200;STRAWBERRIES;3982;236;;;;;3983;236;;;;;3982.5;0.0
3;4300;STRAWBERRIES;3982;62;3981.0;171.0;;;3983;233;;;;;3982.0;0.0
3;4400;STRAWBERRIES;3982;262;;;;;3983;262;;;;;3982.5;0.0
3;4500;STRAWBERRIES;3982;219;;;;;3984;219;;;;;3983.0;0.0
3;4600;STRAWBERRIES;3982;277;;;;;3984;277;;;;;3983.0;0.0
3;4700;STRAWBERRIES;3982;231;;;;;3984;237;;;;;3983.0;0.0
3;4800;STRAWBERRIES;3982;276;;;;;3984;276;;;;;3983.0;0.0
3;4900;STRAWBERRIES;3983;193;;;;;3984;193;;;;;3983.5;0.0
3;5000;STRAWBERRIES;3983;219;;;;;3984;219;;;;;3983.5;0.0
3;5100;STRAWBERRIES;3983;68;3982.0;170.0;;;3984;238;;;;;3983.0;0.0
3;5200;STRAWBERRIES;3982;199;;;;;3984;199;;;;;3983.0;0.0
3;5300;STRAWBERRIES;3982;235;;;;;3983;235;;;;;3982.5;0.0
3;5400;STRAWBERRIES;3982;198;;;;;3983;195;;;;;3982.5;0.0
3;5500;STRAWBERRIES;3982;188;;;;;3983;188;;;;;3982.5;0.0
3;5600;STRAWBERRIES;3983;237;;;;;3984;237;;;;;3983.5;0.0
3;5700;STRAWBERRIES;3983;234;;;;;3984;241;;;;;3983.5;0.0
3;5800;STRAWBERRIES;3983;184;;;;;3985;184;;;;;3984.0;0.0
3;5900;STRAWBERRIES;3984;65;3983.0;132.0;;;3985;197;;;;;3984.0;0.0
3;6000;STRAWBERRIES;3983;209;;;;;3985;209;;;;;3984.0;0.0
3;6100;STRAWBERRIES;3984;223;;;;;3985;223;;;;;3984.5;0.0
3;6200;STRAWBERRIES;3983;214;;;;;3985;214;;;;;3984.0;0.0
3;6300;STRAWBERRIES;3983;218;;;;;3985;218;;;;;3984.0;0.0
3;6400;STRAWBERRIES;3983;258;;;;;3985;258;;;;;3984.0;0.0
3;6500;STRAWBERRIES;3984;269;;;;;3985;269;;;;;3984.5;0.0
3;6600;STRAWBERRIES;3983;184;;;;;3985;184;;;;;3984.0;0.0
3;6700;STRAWBERRIES;3983;168;;;;;3985;168;;;;;3984.0;0.0
3;6800;STRAWBERRIES;3983;197;;;;;3985;197;;;;;3984.0;0.0
3;6900;STRAWBERRIES;3983;159;;;;;3985;159;;;;;3984.0;0.0
3;7000;STRAWBERRIES;3984;65;3983.0;139.0;;;3985;204;;;;;3984.0;0.0
3;7100;STRAWBERRIES;3984;54;3983.0;151.0;;;3985;205;;;;;3984.0;0.0
3;7200;STRAWBERRIES;3984;202;;;;;3985;94;3986.0;108.0;;;3985.0;0.0
3;7300;STRAWBERRIES;3984;223;;;;;3985;54;3986.0;169.0;;;3985.0;0.0
3;7400;STRAWBERRIES;3984;206;;;;;3985;197;;;;;3984.5;0.0
3;7500;STRAWBERRIES;3984;81;3983.0;197.0;;;3985;278;;;;;3984.0;0.0
3;7600;STRAWBERRIES;3984;245;;;;;3985;95;3986.0;150.0;;;3985.0;0.0
3;7700;STRAWBERRIES;3984;169;;;;;3985;67;3986.0;102.0;;;3985.0;0.0
3;7800;STRAWBERRIES;3984;260;;;;;3985;260;;;;;3984.5;0.0
3;7900;STRAWBERRIES;3984;238;;;;;3985;238;;;;;3984.5;0.0
3;8000;STRAWBERRIES;3984;235;;;;;3985;235;;;;;3984.5;0.0
3;8100;STRAWBERRIES;3984;205;;;;;3985;205;;;;;3984.5;0.0
3;8200;STRAWBERRIES;3983;184;;;;;3985;184;;;;;3984.0;0.0
3;8300;STRAWBERRIES;3983;270;;;;;3985;270;;;;;3984.0;0.0
3;8400;STRAWBERRIES;3983;179;;;;;3985;179;;;;;3984.0;0.0
3;8500;STRAWBERRIES;3982;219;;;;;3984;219;;;;;3983.0;0.0
3;8600;STRAWBERRIES;3983;177;;;;;3984;56;3985.0;121.0;;;3984.0;0.0
3;8700;STRAWBERRIES;3983;189;;;;;3985;189;;;;;3984.0;0.0
3;8800;STRAWBERRIES;3983;179;;;;;3984;4;3985.0;179.0;;;3984.0;0.0
3;8900;STRAWBERRIES;3983;244;;;;;3985;244;;;;;3984.0;0.0
3;9000;STRAWBERRIES;3982;204;;;;;3984;204;;;;;3983.0;0.0
3;9100;STRAWBERRIES;3982;169;;;;;3984;169;;;;;3983.0;0.0
3;9200;STRAWBERRIES;3982;222;;;;;3983;81;3984.0;141.0;;;3983.0;0.0
3;9300;STRAWBERRIES;3982;255;;;;;3984;255;;;;;3983.0;0.0
3;9400;STRAWBERRIES;3982;203;;;;;3984;203;;;;;3983.0;0.0
3;9500;STRAWBERRIES;3982;276;;;;;3984;276;;;;;3983.0;0.0
3;9600;STRAWBERRIES;3982;199;;;;;3984;189;;;;;3983.0;0.0
3;9700;STRAWBERRIES;3982;259;;;;;3983;259;;;;;3982.5;0.0
3;9800;STRAWBERRIES;3982;98;3981.0;109.0;;;3983;207;;;;;3982.0;0.0
3;9900;STRAWBERRIES;3982;182;;;;;3983;182;;;;;3982.5;0.0
3;10000;STRAWBERRIES;3982;253;;;;;3983;253;;;;;3982.5;0.0
3;10100;STRAWBERRIES;3982;166;;;;;3983;166;;;;;3982.5;0.0
3;10200;STRAWBERRIES;3982;221;;;;;3983;221;;;;;3982.5;0.0
3;10300;STRAWBERRIES;3982;247;;;;;3984;247;;;;;3983.0;0.0
3;10400;STRAWBERRIES;3982;223;;;;;3984;223;;;;;3983.0;0.0
3;10500;STRAWBERRIES;3982;193;;;;;3983;60;3984.0;133.0;;;3983.0;0.0
3;10600;STRAWBERRIES;3982;64;3981.0;164.0;;;3983;222;;;;;3982.0;0.0
3;10700;STRAWBERRIES;3982;232;;;;;3983;232;;;;;3982.5;0.0
3;10800;STRAWBERRIES;3982;64;3981.0;142.0;;;3983;206;;;;;3982.0;0.0
3;10900;STRAWBERRIES;3982;238;;;;;3983;238;;;;;3982.5;0.0
3;11000;STRAWBERRIES;3982;248;;;;;3983;71;3984.0;177.0;;;3983.0;0.0
3;11100;STRAWBERRIES;3983;8;3982.0;160.0;;;3984;160;;;;;3983.0;0.0
3;11200;STRAWBERRIES;3982;264;;;;;3984;264;;;;;3983.0;0.0
3;11300;STRAWBERRIES;3982;248;;;;;3983;51;3984.0;197.0;;;3983.0;0.0
3;11400;STRAWBERRIES;3981;190;;;;;3983;190;;;;;3982.0;0.0
3;11500;STRAWBERRIES;3981;237;;;;;3982;95;3983.0;142.0;;;3982.0;0.0
3;11600;STRAWBERRIES;3981;56;3980.0;168.0;;;3982;219;;;;;3981.0;0.0
3;11700;STRAWBERRIES;3981;227;;;;;3983;227;;;;;3982.0;0.0
3;11800;STRAWBERRIES;3982;65;3981.0;135.0;;;3983;200;;;;;3982.0;0.0
3;11900;STRAWBERRIES;3981;200;;;;;3983;200;;;;;3982.0;0.0
3;12000;STRAWBERRIES;3981;206;;;;;3983;206;;;;;3982.0;0.0
3;12100;STRAWBERRIES;3981;231;;;;;3982;73;3983.0;158.0;;;3982.0;0.0
3;12200;STRAWBERRIES;3981;210;;;;;3982;100;3983.0;110.0;;;3982.0;0.0
3;12300;STRAWBERRIES;3981;172;;;;;3983;169;;;;;3982.0;0.0
3;12400;STRAWBERRIES;3981;63;3980.0;139.0;;;3982;202;;;;;3981.0;0.0
3;12500;STRAWBERRIES;3980;279;;;;;3982;279;;;;;3981.0;0.0
3;12600;STRAWBERRIES;3980;254;;;;;3981;94;3982.0;160.0;;;3981.0;0.0
3;12700;STRAWBERRIES;3980;174;;;;;3982;174;;;;;3981.0;0.0
3;12800;STRAWBERRIES;3980;198;;;;;3981;63;3982.0;135.0;;;3981.0;0.0
3;12900;STRAWBERRIES;3980;246;;;;;3981;84;3982.0;162.0;;;3981.0;0.0
3;13000;STRAWBERRIES;3979;254;;;;;3981;254;;;;;3980.0;0.0
3;13100;STRAWBERRIES;3979;231;;;;;3981;231;;;;;3980.0;0.0
3;13200;STRAWBERRIES;3979;278;;;;;3980;278;;;;;3979.5;0.0
3;13300;STRAWBERRIES;3978;220;;;;;3980;220;;;;;3979.0;0.0
3;13400;STRAWBERRIES;3978;276;;;;;3979;276;;;;;3978.5;0.0
3;13500;STRAWBERRIES;3977;255;;;;;3978;96;3979.0;159.0;;;3978.0;0.0
3;13600;STRAWBERRIES;3977;254;;;;;3979;254;;;;;3978.0;0.0
3;13700;STRAWBERRIES;3977;261;;;;;3979;261;;;;;3978.0;0.0
3;13800;STRAWBERRIES;3977;201;;;;;3978;201;;;;;3977.5;0.0
3;13900;STRAWBERRIES;3977;169;;;;;3979;169;;;;;3978.0;0.0
3;14000;STRAWBERRIES;3977;196;;;;;3979;196;;;;;3978.0;0.0
3;14100;STRAWBERRIES;3978;283;;;;;3979;283;;;;;3978.5;0.0
3;14200;STRAWBERRIES;3978;256;;;;;3979;256;;;;;3978.5;0.0
3;14300;STRAWBERRIES;3977;212;;;;;3979;212;;;;;3978.0;0.0
3;14400;STRAWBERRIES;3977;241;;;;;3979;241;;;;;3978.0;0.0
3;14500;STRAWBERRIES;3977;185;;;;;3978;3;3979.0;185.0;;;3978.0;0.0
3;14600;STRAWBERRIES;3978;189;;;;;3979;189;;;;;3978.5;0.0
3;14700;STRAWBERRIES;3978;254;;;;;3979;254;;;;;3978.5;0.0
3;14800;STRAWBERRIES;3978;59;3977.0;198.0;;;3979;257;;;;;3978.0;0.0
3;14900;STRAWBERRIES;3978;248;;;;;3980;248;;;;;3979.0;0.0
3;15000;STRAWBERRIES;3978;221;;;;;3979;79;3980.0;142.0;;;3979.0;0.0
3;15100;STRAWBERRIES;3978;249;;;;;3980;249;;;;;3979.0;0.0
3;15200;STRAWBERRIES;3978;277;;;;;3979;92;3980.0;185.0;;;3979.0;0.0
3;15300;STRAWBERRIES;3978;71;3977.0;177.0;;;3979;248;;;;;3978.0;0.0
3;15400;STRAWBERRIES;3977;292;;;;;3979;292;;;;;3978.0;0.0
3;15500;STRAWBERRIES;3978;201;;;;;3980;201;;;;;3979.0;0.0
3;15600;STRAWBERRIES;3978;246;;;;;3979;241;;;;;3978.5;0.0
3;15700;STRAWBERRIES;3978;189;;;;;3979;189;;;;;3978.5;0.0
3;15800;STRAWBERRIES;3978;247;;;;;3980;237;;;;;3979.0;0.0
3;15900;STRAWBERRIES;3979;83;3978.0;169.0;;;3980;246;;;;;3979.0;0.0
3;16000;STRAWBERRIES;3979;259;;;;;3981;259;;;;;3980.0;0.0
3;16100;STRAWBERRIES;3979;176;;;;;3980;50;3981.0;126.0;;;3980.0;0.0
3;16200;STRAWBERRIES;3980;82;3979.0;181.0;;;3981;263;;;;;3980.0;0.0
3;16300;STRAWBERRIES;3980;66;3979.0;153.0;;;3981;219;;;;;3980.0;0.0
3;16400;STRAWBERRIES;3980;89;3979.0;112.0;;;3981;198;;;;;3980.0;0.0
3;16500;STRAWBERRIES;3980;203;;;;;3982;214;;;;;3981.0;0.0
3;16600;STRAWBERRIES;3980;245;;;;;3981;95;3982.0;150.0;;;3981.0;0.0
3;16700;STRAWBERRIES;3980;281;;;;;3982;281;;;;;3981.0;0.0
3;16800;STRAWBERRIES;3980;261;;;;;3982;261;;;;;3981.0;0.0
3;16900;STRAWBERRIES;3981;59;3980.0;147.0;;;3982;197;;;;;3981.0;0.0
3;17000;STRAWBERRIES;3981;225;;;;;3982;225;;;;;3981.5;0.0
3;17100;STRAWBERRIES;3981;197;;;;;3982;197;;;;;3981.5;0.0
3;17200;STRAWBERRIES;3980;222;;;;;3982;222;;;;;3981.0;0.0
3;17300;STRAWBERRIES;3980;228;;;;;3981;11;3982.0;228.0;;;3981.0;0.0
3;17400;STRAWBERRIES;3981;206;;;;;3982;206;;;;;3981.5;0.0
3;17500;STRAWBERRIES;3981;209;;;;;3983;209;;;;;3982.0;0.0
3;17600;STRAWBERRIES;3981;165;;;;;3982;61;3983.0;104.0;;;3982.0;0.0
3;17700;STRAWBERRIES;3981;232;;;;;3983;240;;;;;3982.0;0.0
3;17800;STRAWBERRIES;3981;88;3980.0;146.0;;;3982;234;;;;;3981.0;0.0
3;17900;STRAWBERRIES;3981;50;3980.0;122.0;;;3982;172;;;;;3981.0;0.0
3;18000;STRAWBERRIES;3980;274;;;;;3982;274;;;;;3981.0;0.0
3;18100;STRAWBERRIES;3980;243;;;;;3982;243;;;;;3981.0;0.0
3;18200;STRAWBERRIES;3980;56;3979.0;178.0;;;3981;234;;;;;3980.0;0.0
3;18300;STRAWBERRIES;3979;231;;;;;3981;231;;;;;3980.0;0.0
3;18400;STRAWBERRIES;3979;273;;;;;3980;273;;;;;3979.5;0.0
3;18500;STRAWBERRIES;3978;184;;;;;3980;184;;;;;3979.0;0.0
3;18600;STRAWBERRIES;3978;52;3977.0;144.0;;;3979;196;;;;;3978.0;0.0
3;18700;STRAWBERRIES;3977;245;;;;;3978;245;;;;;3977.5;0.0
3;18800;STRAWBERRIES;3976;286;;;;;3978;286;;;;;3977.0;0.0
3;18900;STRAWBERRIES;3977;285;;;;;3979;285;;;;;3978.0;0.0
3;19000;STRAWBERRIES;3978;81;3977.0;158.0;;;3979;239;;;;;3978.0;0.0
3;19100;STRAWBERRIES;3978;270;;;;;3979;270;;;;;3978.5;0.0
3;19200;STRAWBERRIES;3978;210;;;;;3979;213;;;;;3978.5;0.0
3;19300;STRAWBERRIES;3978;212;;;;;3980;212;;;;;3979.0;0.0
3;19400;STRAWBERRIES;3978;213;;;;;3979;213;;;;;3978.5;0.0
3;19500;STRAWBERRIES;3978;233;;;;;3979;59;3980.0;174.0;;;3979.0;0.0
3;19600;STRAWBERRIES;3978;193;;;;;3979;193;;;;;3978.5;0.0
3;19700;STRAWBERRIES;3978;231;;;;;3979;231;;;;;3978.5;0.0
3;19800;STRAWBERRIES;3978;163;;;;;3979;163;;;;;3978.5;0.0
3;19900;STRAWBERRIES;3978;50;3977.0;166.0;;;3979;216;;;;;3978.0;0.0
3;20000;STRAWBERRIES;3977;244;;;;;3979;244;;;;;3978.0;0.0
3;20100;STRAWBERRIES;3977;251;;;;;3979;251;;;;;3978.0;0.0
3;20200;STRAWBERRIES;3977;244;;;;;3979;244;;;;;3978.0;0.0
3;20300;STRAWBERRIES;3978;62;3977.0;137.0;;;3979;199;;;;;3978.0;0.0
3;20400;STRAWBERRIES;3978;66;3977.0;102.0;;;3979;168;;;;;3978.0;0.0
3;20500;STRAWBERRIES;3978;192;;;;;3980;192;;;;;3979.0;0.0
3;20600;STRAWBERRIES;3978;201;;;;;3980;201;;;;;3979.0;0.0
3;20700;STRAWBERRIES;3978;261;;;;;3979;64;3980.0;197.0;;;3979.0;0.0
3;20800;STRAWBERRIES;3978;77;3977.0;161.0;;;3979;238;;;;;3978.0;0.0
3;20900;STRAWBERRIES;3977;167;;;;;3979;167;;;;;3978.0;0.0
3;21000;STRAWBERRIES;3977;165;;;;;3979;165;;;;;3978.0;0.0
3;21100;STRAWBERRIES;3978;67;3977.0;149.0;;;3979;216;;;;;3978.0;0.0
3;21200;STRAWBERRIES;3977;228;;;;;3979;228;;;;;3978.0;0.0
3;21300;STRAWBERRIES;3977;265;;;;;3978;265;;;;;3977.5;0.0
3;21400;STRAWBERRIES;3977;275;;;;;3978;75;3979.0;200.0;;;3978.0;0.0
3;21500;STRAWBERRIES;3977;243;;;;;3979;243;;;;;3978.0;0.0
3;21600;STRAWBERRIES;3977;207;;;;;3979;207;;;;;3978.0;0.0
3;21700;STRAWBERRIES;3978;82;3977.0;113.0;;;3979;195;;;;;3978.0;0.0
3;21800;STRAWBERRIES;3977;206;;;;;3979;206;;;;;3978.0;0.0
3;21900;STRAWBERRIES;3978;198;;;;;3979;90;3980.0;108.0;;;3979.0;0.0
3;22000;STRAWBERRIES;3978;202;;;;;3979;94;3980.0;108.0;;;3979.0;0.0
3;22100;STRAWBERRIES;3978;237;;;;;3980;237;;;;;3979.0;0.0
3;22200;STRAWBERRIES;3978;240;;;;;3979;240;;;;;3978.5;0.0
3;22300;STRAWBERRIES;3978;272;;;;;3979;94;3980.0;178.0;;;3979.0;0.0
3;22400;STRAWBERRIES;3978;88;3977.0;187.0;;;3979;275;;;;;3978.0;0.0
3;22500;STRAWBERRIES;3978;91;3977.0;126.0;;;3979;217;;;;;3978.0;0.0
3;22600;STRAWBERRIES;3977;188;;;;;3979;188;;;;;3978.0;0.0
3;22700;STRAWBERRIES;3977;261;;;;;3979;261;;;;;3978.0;0.0
3;22800;STRAWBERRIES;3977;230;;;;;3979;230;;;;;3978.0;0.0
3;22900;STRAWBERRIES;3978;66;3977.0;127.0;;;3979;182;;;;;3978.0;0.0
3;23000;STRAWBERRIES;3978;53;3977.0;186.0;;;3979;239;;;;;3978.0;0.0
3;23100;STRAWBERRIES;3977;192;;;;;3979;192;;;;;3978.0;0.0
3;23200;STRAWBERRIES;3977;194;;;;;3979;194;;;;;3978.0;0.0
3;23300;STRAWBERRIES;3978;62;3977.0;115.0;;;3979;177;;;;;3978.0;0.0
3;23400;STRAWBERRIES;3978;264;;;;;3980;264;;;;;3979.0;0.0
3;23500;STRAWBERRIES;3978;93;3977.0;116.0;;;3979;209;;;;;3978.0;0.0
3;23600;STRAWBERRIES;3977;278;;;;;3979;278;;;;;3978.0;0.0
3;23700;STRAWBERRIES;3977;277;;;;;3979;277;;;;;3978.0;0.0
3;23800;STRAWBERRIES;3978;90;3977.0;167.0;;;3979;257;;;;;3978.0;0.0
3;23900;STRAWBERRIES;3978;206;;;;;3980;206;;;;;3979.0;0.0
3;24000;STRAWBERRIES;3978;185;;;;;3980;185;;;;;3979.0;0.0
3;24100;STRAWBERRIES;3978;191;;;;;3980;191;;;;;3979.0;0.0
3;24200;STRAWBERRIES;3978;214;;;;;3979;214;;;;;3978.5;0.0
3;24300;STRAWBERRIES;3977;262;;;;;3979;262;;;;;3978.0;0.0
3;24400;STRAWBERRIES;3977;219;;;;;3979;219;;;;;3978.0;0.0
3;24500;STRAWBERRIES;3977;276;;;;;3979;276;;;;;3978.0;0.0
3;24600;STRAWBERRIES;3977;269;;;;;3978;269;;;;;3977.5;0.0
3;24700;STRAWBERRIES;3977;236;;;;;3978;96;3979.0;140.0;;;3978.0;0.0
3;24800;STRAWBERRIES;3978;6;3977.0;295.0;;;3979;295;;;;;3978.0;0.0
3;24900;STRAWBERRIES;3977;164;;;;;3979;164;;;;;3978.0;0.0
3;25000;STRAWBERRIES;3977;156;;;;;3978;54;3979.0;102.0;;;3978.0;0.0
3;25100;STRAWBERRIES;3977;225;;;;;3978;87;3979.0;138.0;;;3978.0;0.0
3;25200;STRAWBERRIES;3977;82;3976.0;116.0;;;3978;198;;;;;3977.0;0.0
3;25300;STRAWBERRIES;3976;56;3975.0;198.0;;;3977;254;;;;;3976.0;0.0
3;25400;STRAWBERRIES;3975;213;;;;;3977;213;;;;;3976.0;0.0
3;25500;STRAWBERRIES;3975;186;;;;;3977;186;;;;;3976.0;0.0
3;25600;STRAWBERRIES;3976;196;;;;;3977;66;3978.0;130.0;;;3977.0;0.0
3;25700;STRAWBERRIES;3977;226;;;;;3978;76;3979.0;150.0;;;3978.0;0.0
3;25800;STRAWBERRIES;3976;227;;;;;3978;227;;;;;3977.0;0.0
3;25900;STRAWBERRIES;3976;219;;;;;3977;95;3978.0;124.0;;;3977.0;0.0
3;26000;STRAWBERRIES;3977;63;3976.0;122.0;;;3978;185;;;;;3977.0;0.0
3;26100;STRAWBERRIES;3977;226;;;;;3978;92;3979.0;134.0;;;3978.0;0.0
3;26200;STRAWBERRIES;3977;188;;;;;3979;200;;;;;3978.0;0.0
3;26300;STRAWBERRIES;3977;245;;;;;3978;245;;;;;3977.5;0.0
3;26400;STRAWBERRIES;3976;225;;;;;3978;225;;;;;3977.0;0.0
3;26500;STRAWBERRIES;3976;204;;;;;3978;210;;;;;3977.0;0.0
3;26600;STRAWBERRIES;3977;58;3976.0;152.0;;;3978;210;;;;;3977.0;0.0
3;26700;STRAWBERRIES;3976;197;;;;;3978;197;;;;;3977.0;0.0
3;26800;STRAWBERRIES;3977;73;3976.0;128.0;;;3978;201;;;;;3977.0;0.0
3;26900;STRAWBERRIES;3977;189;;;;;3978;189;;;;;3977.5;0.0
3;27000;STRAWBERRIES;3977;193;;;;;3979;193;;;;;3978.0;0.0
3;27100;STRAWBERRIES;3977;271;;;;;3979;271;;;;;3978.0;0.0
3;27200;STRAWBERRIES;3977;269;;;;;3978;85;3979.0;184.0;;;3978.0;0.0
3;27300;STRAWBERRIES;3977;205;;;;;3978;74;3979.0;131.0;;;3978.0;0.0
3;27400;STRAWBERRIES;3976;194;;;;;3977;88;3978.0;106.0;;;3977.0;0.0
3;27500;STRAWBERRIES;3975;235;;;;;3977;239;;;;;3976.0;0.0
3;27600;STRAWBERRIES;3976;225;;;;;3977;225;;;;;3976.5;0.0
3;27700;STRAWBERRIES;3976;246;;;;;3978;246;;;;;3977.0;0.0
3;27800;STRAWBERRIES;3977;100;3976.0;151.0;;;3978;251;;;;;3977.0;0.0
3;27900;STRAWBERRIES;3976;232;;;;;3977;94;3978.0;138.0;;;3977.0;0.0
3;28000;STRAWBERRIES;3976;278;;;;;3977;98;3978.0;180.0;;;3977.0;0.0
3;28100;STRAWBERRIES;3977;212;;;;;3978;212;;;;;3977.5;0.0
3;28200;STRAWBERRIES;3977;184;;;;;3978;78;3979.0;106.0;;;3978.0;0.0
3;28300;STRAWBERRIES;3977;94;3976.0;186.0;;;3978;280;;;;;3977.0;0.0
3;28400;STRAWBERRIES;3977;203;;;;;3979;203;;;;;3978.0;0.0
3;28500;STRAWBERRIES;3978;62;3977.0;154.0;;;3979;216;;;;;3978.0;0.0
3;28600;STRAWBERRIES;3978;66;3977.0;126.0;;;3979;192;;;;;3978.0;0.0
3;28700;STRAWBERRIES;3978;234;;;;;3979;234;;;;;3978.5;0.0
3;28800;STRAWBERRIES;3978;255;;;;;3979;69;3980.0;186.0;;;3979.0;0.0
3;28900;STRAWBERRIES;3978;245;;;;;3979;51;3980.0;194.0;;;3979.0;0.0
3;29000;STRAWBERRIES;3978;201;;;;;3980;201;;;;;3979.0;0.0
3;29100;STRAWBERRIES;3978;251;;;;;3980;251;;;;;3979.0;0.0
3;29200;STRAWBERRIES;3978;205;;;;;3980;211;;;;;3979.0;0.0
3;29300;STRAWBERRIES;3978;240;;;;;3980;240;;;;;3979.0;0.0
3;29400;STRAWBERRIES;3979;74;3978.0;125.0;;;3980;199;;;;;3979.0;0.0
3;29500;STRAWBERRIES;3978;246;;;;;3979;78;3980.0;168.0;;;3979.0;0.0
3;29600;STRAWBERRIES;3979;8;3978.0;242.0;;;3980;242;;;;;3979.0;0.0
3;29700;STRAWBERRIES;3979;67;3978.0;179.0;;;3980;246;;;;;3979.0;0.0
3;29800;STRAWBERRIES;3978;233;;;;;3979;53;3980.0;180.0;;;3979.0;0.0
3;29900;STRAWBERRIES;3978;184;;;;;3979;184;;;;;3978.5;0.0
3;30000;STRAWBERRIES;3978;216;;;;;3979;216;;;;;3978.5;0.0
3;30100;STRAWBERRIES;3978;75;3977.0;110.0;;;3979;185;;;;;3978.0;0.0
3;30200;STRAWBERRIES;3977;215;;;;;3978;94;3979.0;121.0;;;3978.0;0.0
3;30300;STRAWBERRIES;3977;260;;;;;3978;260;;;;;3977.5;0.0
3;30400;STRAWBERRIES;3977;199;;;;;3978;187;;;;;3977.5;0.0
3;30500;STRAWBERRIES;3977;275;;;;;3978;275;;;;;3977.5;0.0
3;30600;STRAWBERRIES;3977;270;;;;;3978;270;;;;;3977.5;0.0
3;30700;STRAWBERRIES;3977;257;;;;;3978;257;;;;;3977.5;0.0
3;30800;STRAWBERRIES;3976;240;;;;;3978;240;;;;;3977.0;0.0
3;30900;STRAWBERRIES;3976;222;;;;;3977;60;3978.0;153.0;;;3977.0;0.0
3;31000;STRAWBERRIES;3976;180;;;;;3978;180;;;;;3977.0;0.0
3;31100;STRAWBERRIES;3976;248;;;;;3977;78;3978.0;170.0;;;3977.0;0.0
3;31200;STRAWBERRIES;3976;205;;;;;3977;84;3978.0;121.0;;;3977.0;0.0
3;31300;STRAWBERRIES;3976;288;;;;;3977;288;;;;;3976.5;0.0
3;31400;STRAWBERRIES;3976;276;;;;;3977;97;3978.0;179.0;;;3977.0;0.0
3;31500;STRAWBERRIES;3976;220;;;;;3978;220;;;;;3977.0;0.0
3;31600;STRAWBERRIES;3976;220;;;;;3978;220;;;;;3977.0;0.0
3;31700;STRAWBERRIES;3977;168;;;;;3978;168;;;;;3977.5;0.0
3;31800;STRAWBERRIES;3977;251;;;;;3978;62;3979.0;189.0;;;3978.0;0.0
3;31900;STRAWBERRIES;3977;253;;;;;3978;77;3979.0;176.0;;;3978.0;0.0
3;32000;STRAWBERRIES;3976;225;;;;;3978;225;;;;;3977.0;0.0
3;32100;STRAWBERRIES;3977;66;3976.0;133.0;;;3978;199;;;;;3977.0;0.0
3;32200;STRAWBERRIES;3977;235;;;;;3978;235;;;;;3977.5;0.0
3;32300;STRAWBERRIES;3977;161;;;;;3979;161;;;;;3978.0;0.0
3;32400;STRAWBERRIES;3977;231;;;;;3978;231;;;;;3977.5;0.0
3;32500;STRAWBERRIES;3976;169;;;;;3978;169;;;;;3977.0;0.0
3;32600;STRAWBERRIES;3977;80;3976.0;200.0;;;3978;280;;;;;3977.0;0.0
3;32700;STRAWBERRIES;3976;195;;;;;3978;195;;;;;3977.0;0.0
3;32800;STRAWBERRIES;3977;265;;;;;3978;265;;;;;3977.5;0.0
3;32900;STRAWBERRIES;3977;55;3976.0;114.0;;;3978;169;;;;;3977.0;0.0
3;33000;STRAWBERRIES;3976;284;;;;;3978;284;;;;;3977.0;0.0
3;33100;STRAWBERRIES;3976;270;;;;;3977;270;;;;;3976.5;0.0
3;33200;STRAWBERRIES;3977;89;3976.0;118.0;;;3978;207;;;;;3977.0;0.0
3;33300;STRAWBERRIES;3977;229;;;;;3978;218;;;;;3977.5;0.0
3;33400;STRAWBERRIES;3977;163;;;;;3978;51;3979.0;123.0;;;3978.0;0.0
3;33500;STRAWBERRIES;3976;212;;;;;3978;212;;;;;3977.0;0.0
3;33600;STRAWBERRIES;3976;257;;;;;3978;257;;;;;3977.0;0.0
3;33700;STRAWBERRIES;3977;98;3976.0;125.0;;;3978;223;;;;;3977.0;0.0
3;33800;STRAWBERRIES;3976;269;;;;;3977;86;3978.0;183.0;;;3977.0;0.0
3;33900;STRAWBERRIES;3977;229;;;;;3978;229;;;;;3977.5;0.0
3;34000;STRAWBERRIES;3977;88;3976.0;175.0;;;3978;263;;;;;3977.0;0.0
3;34100;STRAWBERRIES;3977;271;;;;;3978;271;;;;;3977.5;0.0
3;34200;STRAWBERRIES;3977;159;;;;;3978;159;;;;;3977.5;0.0
3;34300;STRAWBERRIES;3978;94;3977.0;185.0;;;3979;279;;;;;3978.0;0.0
3;34400;STRAWBERRIES;3978;260;;;;;3979;265;;;;;3978.5;0.0
3;34500;STRAWBERRIES;3978;277;;;;;3979;95;3980.0;182.0;;;3979.0;0.0
3;34600;STRAWBERRIES;3978;251;;;;;3980;251;;;;;3979.0;0.0
3;34700;STRAWBERRIES;3978;219;;;;;3980;219;;;;;3979.0;0.0
3;34800;STRAWBERRIES;3978;188;;;;;3979;58;3980.0;141.0;;;3979.0;0.0
3;34900;STRAWBERRIES;3978;94;3977.0;123.0;;;3979;217;;;;;3978.0;0.0
3;35000;STRAWBERRIES;3977;190;;;;;3978;190;;;;;3977.5;0.0
3;35100;STRAWBERRIES;3977;238;;;;;3978;238;;;;;3977.5;0.0
3;35200;STRAWBERRIES;3977;175;;;;;3979;175;;;;;3978.0;0.0
3;35300;STRAWBERRIES;3977;276;;;;;3979;276;;;;;3978.0;0.0
3;35400;STRAWBERRIES;3978;201;;;;;3980;201;;;;;3979.0;0.0
3;35500;STRAWBERRIES;3978;292;;;;;3980;292;;;;;3979.0;0.0
3;35600;STRAWBERRIES;3978;235;;;;;3980;235;;;;;3979.0;0.0
3;35700;STRAWBERRIES;3978;221;;;;;3980;221;;;;;3979.0;0.0
3;35800;STRAWBERRIES;3978;274;;;;;3979;81;3980.0;193.0;;;3979.0;0.0
3;35900;STRAWBERRIES;3978;208;;;;;3980;208;;;;;3979.0;0.0
3;36000;STRAWBERRIES;3978;229;;;;;3980;229;;;;;3979.0;0.0
3;36100;STRAWBERRIES;3978;198;;;;;3979;4;3980.0;198.0;;;3979.0;0.0
3;36200;STRAWBERRIES;3979;80;3978.0;123.0;;;3980;203;;;;;3979.0;0.0
3;36300;STRAWBERRIES;3979;4;3978.0;256.0;;;3980;256;;;;;3979.0;0.0
3;36400;STRAWBERRIES;3978;219;;;;;3980;219;;;;;3979.0;0.0
3;36500;STRAWBERRIES;3979;211;;;;;3980;211;;;;;3979.5;0.0
3;36600;STRAWBERRIES;3979;219;;;;;3980;70;3981.0;149.0;;;3980.0;0.0
3;36700;STRAWBERRIES;3979;222;;;;;3980;222;;;;;3979.5;0.0
3;36800;STRAWBERRIES;3979;74;3978.0;183.0;;;3980;261;;;;;3979.0;0.0
3;36900;STRAWBERRIES;3979;263;;;;;3981;263;;;;;3980.0;0.0
3;37000;STRAWBERRIES;3980;287;;;;;3981;287;;;;;3980.5;0.0
3;37100;STRAWBERRIES;3980;207;;;;;3981;207;;;;;3980.5;0.0
3;37200;STRAWBERRIES;3980;190;;;;;3982;190;;;;;3981.0;0.0
3;37300;STRAWBERRIES;3980;50;3979.0;138.0;;;3981;188;;;;;3980.0;0.0
3;37400;STRAWBERRIES;3979;200;;;;;3981;200;;;;;3980.0;0.0
3;37500;STRAWBERRIES;3979;282;;;;;3980;282;;;;;3979.5;0.0
3;37600;STRAWBERRIES;3979;276;;;;;3981;276;;;;;3980.0;0.0
3;37700;STRAWBERRIES;3979;279;;;;;3981;279;;;;;3980.0;0.0
3;37800;STRAWBERRIES;3979;229;;;;;3981;229;;;;;3980.0;0.0
3;37900;STRAWBERRIES;3979;181;;;;;3981;181;;;;;3980.0;0.0
3;38000;STRAWBERRIES;3979;260;;;;;3981;260;;;;;3980.0;0.0
3;38100;STRAWBERRIES;3980;222;;;;;3981;222;;;;;3980.5;0.0
3;38200;STRAWBERRIES;3980;179;;;;;3982;179;;;;;3981.0;0.0
3;38300;STRAWBERRIES;3980;278;;;;;3982;278;;;;;3981.0;0.0
3;38400;STRAWBERRIES;3980;288;;;;;3982;288;;;;;3981.0;0.0
3;38500;STRAWBERRIES;3980;208;;;;;3981;93;3982.0;115.0;;;3981.0;0.0
3;38600;STRAWBERRIES;3980;236;;;;;3981;236;;;;;3980.5;0.0
3;38700;STRAWBERRIES;3979;205;;;;;3981;205;;;;;3980.0;0.0
3;38800;STRAWBERRIES;3979;252;;;;;3980;252;;;;;3979.5;0.0
3;38900;STRAWBERRIES;3978;179;;;;;3980;179;;;;;3979.0;0.0
3;39000;STRAWBERRIES;3978;280;;;;;3979;97;3980.0;183.0;;;3979.0;0.0
3;39100;STRAWBERRIES;3977;176;;;;;3979;176;;;;;3978.0;0.0
3;39200;STRAWBERRIES;3977;256;;;;;3978;256;;;;;3977.5;0.0
3;39300;STRAWBERRIES;3977;65;3976.0;173.0;;;3978;238;;;;;3977.0;0.0
3;39400;STRAWBERRIES;3977;60;3976.0;178.0;;;3978;238;;;;;3977.0;0.0
3;39500;STRAWBERRIES;3976;246;;;;;3977;83;3978.0;163.0;;;3977.0;0.0
3;39600;STRAWBERRIES;3976;236;;;;;3978;236;;;;;3977.0;0.0
3;39700;STRAWBERRIES;3976;56;3975.0;121.0;;;3977;189;;;;;3976.0;0.0
3;39800;STRAWBERRIES;3976;81;3975.0;116.0;;;3977;197;;;;;3976.0;0.0
3;39900;STRAWBERRIES;3975;243;;;;;3977;243;;;;;3976.0;0.0
3;40000;STRAWBERRIES;3975;204;;;;;3977;204;;;;;3976.0;0.0
3;40100;STRAWBERRIES;3975;252;;;;;3976;98;3977.0;154.0;;;3976.0;0.0
3;40200;STRAWBERRIES;3975;192;;;;;3976;192;;;;;3975.5;0.0
3;40300;STRAWBERRIES;3974;177;;;;;3976;177;;;;;3975.0;0.0
3;40400;STRAWBERRIES;3974;187;;;;;3976;187;;;;;3975.0;0.0
3;40500;STRAWBERRIES;3973;197;;;;;3975;197;;;;;3974.0;0.0
3;40600;STRAWBERRIES;3973;234;;;;;3975;234;;;;;3974.0;0.0
3;40700;STRAWBERRIES;3973;240;;;;;3975;240;;;;;3974.0;0.0
3;40800;STRAWBERRIES;3973;195;;;;;3975;195;;;;;3974.0;0.0
3;40900;STRAWBERRIES;3973;94;3972.0;121.0;;;3974;215;;;;;3973.0;0.0
3;41000;STRAWBERRIES;3972;239;;;;;3974;239;;;;;3973.0;0.0
3;41100;STRAWBERRIES;3973;77;3972.0;167.0;;;3974;244;;;;;3973.0;0.0
3;41200;STRAWBERRIES;3973;238;;;;;3975;238;;;;;3974.0;0.0
3;41300;STRAWBERRIES;3973;247;;;;;3975;247;;;;;3974.0;0.0
3;41400;STRAWBERRIES;3973;235;;;;;3975;235;;;;;3974.0;0.0
3;41500;STRAWBERRIES;3974;58;3973.0;114.0;;;3975;172;;;;;3974.0;0.0
3;41600;STRAWBERRIES;3974;56;3973.0;188.0;;;3975;244;;;;;3974.0;0.0
3;41700;STRAWBERRIES;3974;4;3973.0;217.0;;;3975;217;;;;;3974.0;0.0
3;41800;STRAWBERRIES;3973;160;;;;;3974;160;;;;;3973.5;0.0
3;41900;STRAWBERRIES;3972;215;;;;;3974;215;;;;;3973.0;0.0
3;42000;STRAWBERRIES;3972;175;;;;;3974;175;;;;;3973.0;0.0
3;42100;STRAWBERRIES;3972;213;;;;;3974;213;;;;;3973.0;0.0
3;42200;STRAWBERRIES;3972;215;;;;;3974;215;;;;;3973.0;0.0
3;42300;STRAWBERRIES;3973;254;;;;;3974;254;;;;;3973.5;0.0
3;42400;STRAWBERRIES;3972;210;;;;;3974;210;;;;;3973.0;0.0
3;42500;STRAWBERRIES;3971;253;;;;;3973;253;;;;;3972.0;0.0
3;42600;STRAWBERRIES;3972;184;;;;;3973;184;;;;;3972.5;0.0
3;42700;STRAWBERRIES;3972;272;;;;;3973;272;;;;;3972.5;0.0
3;42800;STRAWBERRIES;3972;216;;;;;3973;216;;;;;3972.5;0.0
3;42900;STRAWBERRIES;3972;271;;;;;3973;271;;;;;3972.5;0.0
3;43000;STRAWBERRIES;3972;195;;;;;3973;195;;;;;3972.5;0.0
3;43100;STRAWBERRIES;3972;67;3971.0;197.0;;;3973;264;;;;;3972.0;0.0
3;43200;STRAWBERRIES;3971;175;;;;;3973;175;;;;;3972.0;0.0
3;43300;STRAWBERRIES;3970;161;;;;;3972;161;;;;;3971.0;0.0
3;43400;STRAWBERRIES;3971;238;;;;;3972;238;;;;;3971.5;0.0
3;43500;STRAWBERRIES;3971;197;;;;;3972;92;3973.0;105.0;;;3972.0;0.0
3;43600;STRAWBERRIES;3971;252;;;;;3973;252;;;;;3972.0;0.0
3;43700;STRAWBERRIES;3971;273;;;;;3972;87;3973.0;181.0;;;3972.0;0.0
3;43800;STRAWBERRIES;3971;198;;;;;3972;66;3973.0;132.0;;;3972.0;0.0
3;43900;STRAWBERRIES;3970;198;;;;;3972;198;;;;;3971.0;0.0
3;44000;STRAWBERRIES;3971;90;3970.0;198.0;;;3972;288;;;;;3971.0;0.0
3;44100;STRAWBERRIES;3970;246;;;;;3972;246;;;;;3971.0;0.0
3;44200;STRAWBERRIES;3971;56;3970.0;179.0;;;3972;235;;;;;3971.0;0.0
3;44300;STRAWBERRIES;3971;264;;;;;3972;259;;;;;3971.5;0.0
3;44400;STRAWBERRIES;3971;233;;;;;3973;233;;;;;3972.0;0.0
3;44500;STRAWBERRIES;3972;231;;;;;3974;223;;;;;3973.0;0.0
3;44600;STRAWBERRIES;3972;197;;;;;3973;52;3974.0;150.0;;;3973.0;0.0
3;44700;STRAWBERRIES;3971;250;;;;;3973;250;;;;;3972.0;0.0
3;44800;STRAWBERRIES;3971;239;;;;;3972;75;3973.0;164.0;;;3972.0;0.0
3;44900;STRAWBERRIES;3971;209;;;;;3972;82;3973.0;127.0;;;3972.0;0.0
3;45000;STRAWBERRIES;3972;91;3971.0;127.0;;;3973;218;;;;;3972.0;0.0
3;45100;STRAWBERRIES;3971;190;;;;;3973;190;;;;;3972.0;0.0
3;45200;STRAWBERRIES;3972;231;;;;;3973;95;3974.0;136.0;;;3973.0;0.0
3;45300;STRAWBERRIES;3972;235;;;;;3974;235;;;;;3973.0;0.0
3;45400;STRAWBERRIES;3973;93;3972.0;168.0;;;3974;261;;;;;3973.0;0.0
3;45500;STRAWBERRIES;3973;56;3972.0;115.0;;;3974;171;;;;;3973.0;0.0
3;45600;STRAWBERRIES;3973;247;;;;;3974;247;;;;;3973.5;0.0
3;45700;STRAWBERRIES;3972;180;;;;;3974;180;;;;;3973.0;0.0
3;45800;STRAWBERRIES;3973;74;3972.0;151.0;;;3974;225;;;;;3973.0;0.0
3;45900;STRAWBERRIES;3973;270;;;;;3974;92;3975.0;178.0;;;3974.0;0.0
3;46000;STRAWBERRIES;3973;247;;;;;3974;55;3975.0;192.0;;;3974.0;0.0
3;46100;STRAWBERRIES;3973;226;;;;;3974;226;;;;;3973.5;0.0
3;46200;STRAWBERRIES;3973;240;;;;;3974;79;3975.0;161.0;;;3974.0;0.0
3;46300;STRAWBERRIES;3973;271;;;;;3975;271;;;;;3974.0;0.0
3;46400;STRAWBERRIES;3973;187;;;;;3975;187;;;;;3974.0;0.0
3;46500;STRAWBERRIES;3973;242;;;;;3975;242;;;;;3974.0;0.0
3;46600;STRAWBERRIES;3974;92;3973.0;134.0;;;3975;226;;;;;3974.0;0.0
3;46700;STRAWBERRIES;3974;56;3973.0;123.0;;;3975;179;;;;;3974.0;0.0
3;46800;STRAWBERRIES;3973;253;;;;;3975;253;;;;;3974.0;0.0
3;46900;STRAWBERRIES;3973;197;;;;;3975;185;;;;;3974.0;0.0
3;47000;STRAWBERRIES;3973;168;;;;;3975;168;;;;;3974.0;0.0
3;47100;STRAWBERRIES;3973;262;;;;;3974;67;3975.0;195.0;;;3974.0;0.0
3;47200;STRAWBERRIES;3973;213;;;;;3974;97;3975.0;116.0;;;3974.0;0.0
3;47300;STRAWBERRIES;3973;208;;;;;3975;208;;;;;3974.0;0.0
3;47400;STRAWBERRIES;3974;63;3973.0;182.0;;;3975;245;;;;;3974.0;0.0
3;47500;STRAWBERRIES;3974;222;;;;;3975;222;;;;;3974.5;0.0
3;47600;STRAWBERRIES;3975;85;3974.0;141.0;;;3976;226;;;;;3975.0;0.0
3;47700;STRAWBERRIES;3974;214;;;;;3976;214;;;;;3975.0;0.0
3;47800;STRAWBERRIES;3974;257;;;;;3975;59;3976.0;198.0;;;3975.0;0.0
3;47900;STRAWBERRIES;3974;171;;;;;3975;52;3976.0;119.0;;;3975.0;0.0
3;48000;STRAWBERRIES;3974;241;;;;;3976;241;;;;;3975.0;0.0
3;48100;STRAWBERRIES;3975;54;3974.0;125.0;;;3976;179;;;;;3975.0;0.0
3;48200;STRAWBERRIES;3974;188;;;;;3975;81;3976.0;107.0;;;3975.0;0.0
3;48300;STRAWBERRIES;3974;56;3973.0;194.0;;;3975;250;;;;;3974.0;0.0
3;48400;STRAWBERRIES;3974;199;;;;;3976;199;;;;;3975.0;0.0
3;48500;STRAWBERRIES;3974;219;;;;;3976;219;;;;;3975.0;0.0
3;48600;STRAWBERRIES;3975;210;;;;;3976;210;;;;;3975.5;0.0
3;48700;STRAWBERRIES;3975;216;;;;;3976;216;;;;;3975.5;0.0
3;48800;STRAWBERRIES;3975;237;;;;;3976;237;;;;;3975.5;0.0
3;48900;STRAWBERRIES;3975;224;;;;;3976;224;;;;;3975.5;0.0
3;49000;STRAWBERRIES;3975;250;;;;;3977;250;;;;;3976.0;0.0
3;49100;STRAWBERRIES;3976;208;;;;;3977;217;;;;;3976.5;0.0
3;49200;STRAWBERRIES;3976;79;3975.0;122.0;;;3977;201;;;;;3976.0;0.0
3;49300;STRAWBERRIES;3976;49;3975.0;169.0;;;3977;230;;;;;3976.0;0.0
3;49400;STRAWBERRIES;3976;81;3975.0;104.0;;;3977;185;;;;;3976.0;0.0
3;49500;STRAWBERRIES;3976;76;3975.0;183.0;;;3977;259;;;;;3976.0;0.0
3;49600;STRAWBERRIES;3976;209;;;;;3977;97;3978.0;112.0;;;3977.0;0.0
3;49700;STRAWBERRIES;3976;232;;;;;3977;61;3978.0;171.0;;;3977.0;0.0
3;49800;STRAWBERRIES;3976;207;;;;;3977;63;3978.0;144.0;;;3977.0;0.0
3;49900;STRAWBERRIES;3976;173;;;;;3977;173;;;;;3976.5;0.0
3;50000;STRAWBERRIES;3976;50;3975.0;100.0;;;3977;150;;;;;3976.0;0.0
3;50100;STRAWBERRIES;3975;241;;;;;3976;96;3977.0;145.0;;;3976.0;0.0
3;50200;STRAWBERRIES;3976;244;;;;;3977;244;;;;;3976.5;0.0
3;50300;STRAWBERRIES;3976;259;;;;;3978;259;;;;;3977.0;0.0
3;50400;STRAWBERRIES;3977;60;3976.0;140.0;;;3978;200;;;;;3977.0;0.0
3;50500;STRAWBERRIES;3977;231;;;;;3979;231;;;;;3978.0;0.0
3;50600;STRAWBERRIES;3977;264;;;;;3979;264;;;;;3978.0;0.0
3;50700;STRAWBERRIES;3978;69;3977.0;108.0;;;3979;177;;;;;3978.0;0.0
3;50800;STRAWBERRIES;3978;8;3977.0;178.0;;;3979;178;;;;;3978.0;0.0
3;50900;STRAWBERRIES;3977;223;;;;;3978;60;3979.0;170.0;;;3978.0;0.0
3;51000;STRAWBERRIES;3977;243;;;;;3978;243;;;;;3977.5;0.0
3;51100;STRAWBERRIES;3977;194;;;;;3978;56;3979.0;138.0;;;3978.0;0.0
3;51200;STRAWBERRIES;3977;196;;;;;3979;196;;;;;3978.0;0.0
3;51300;STRAWBERRIES;3977;190;;;;;3978;190;;;;;3977.5;0.0
3;51400;STRAWBERRIES;3976;193;;;;;3978;193;;;;;3977.0;0.0
3;51500;STRAWBERRIES;3976;228;;;;;3978;222;;;;;3977.0;0.0
3;51600;STRAWBERRIES;3976;166;;;;;3977;53;3978.0;113.0;;;3977.0;0.0
3;51700;STRAWBERRIES;3976;214;;;;;3977;51;3978.0;163.0;;;3977.0;0.0
3;51800;STRAWBERRIES;3975;235;;;;;3977;235;;;;;3976.0;0.0
3;51900;STRAWBERRIES;3975;228;;;;;3977;228;;;;;3976.0;0.0
3;52000;STRAWBERRIES;3975;213;;;;;3977;213;;;;;3976.0;0.0
3;52100;STRAWBERRIES;3976;202;;;;;3977;202;;;;;3976.5;0.0
3;52200;STRAWBERRIES;3975;188;;;;;3976;78;3977.0;110.0;;;3976.0;0.0
3;52300;STRAWBERRIES;3975;55;3974.0;130.0;;;3976;185;;;;;3975.0;0.0
3;52400;STRAWBERRIES;3974;202;;;;;3976;202;;;;;3975.0;0.0
3;52500;STRAWBERRIES;3974;258;;;;;3975;258;;;;;3974.5;0.0
3;52600;STRAWBERRIES;3974;217;;;;;3976;217;;;;;3975.0;0.0
3;52700;STRAWBERRIES;3974;285;;;;;3975;285;;;;;3974.5;0.0
3;52800;STRAWBERRIES;3974;200;;;;;3975;200;;;;;3974.5;0.0
3;52900;STRAWBERRIES;3974;191;;;;;3975;191;;;;;3974.5;0.0
3;53000;STRAWBERRIES;3974;184;;;;;3975;184;;;;;3974.5;0.0
3;53100;STRAWBERRIES;3974;200;;;;;3976;200;;;;;3975.0;0.0
3;53200;STRAWBERRIES;3974;210;;;;;3976;210;;;;;3975.0;0.0
3;53300;STRAWBERRIES;3974;176;;;;;3976;176;;;;;3975.0;0.0
3;53400;STRAWBERRIES;3974;271;;;;;3976;271;;;;;3975.0;0.0
3;53500;STRAWBERRIES;3974;276;;;;;3976;276;;;;;3975.0;0.0
3;53600;STRAWBERRIES;3975;100;3974.0;181.0;;;3976;281;;;;;3975.0;0.0
3;53700;STRAWBERRIES;3975;235;;;;;3976;78;3977.0;157.0;;;3976.0;0.0
3;53800;STRAWBERRIES;3975;268;;;;;3976;268;;;;;3975.5;0.0
3;53900;STRAWBERRIES;3975;273;;;;;3976;273;;;;;3975.5;0.0
3;54000;STRAWBERRIES;3976;95;3975.0;111.0;;;3977;206;;;;;3976.0;0.0
3;54100;STRAWBERRIES;3976;217;;;;;3977;217;;;;;3976.5;0.0
3;54200;STRAWBERRIES;3976;231;;;;;3977;91;3978.0;140.0;;;3977.0;0.0
3;54300;STRAWBERRIES;3975;233;;;;;3977;233;;;;;3976.0;0.0
3;54400;STRAWBERRIES;3975;210;;;;;3976;83;3977.0;127.0;;;3976.0;0.0
3;54500;STRAWBERRIES;3975;267;;;;;3976;267;;;;;3975.5;0.0
3;54600;STRAWBERRIES;3975;188;;;;;3976;59;3977.0;129.0;;;3976.0;0.0
3;54700;STRAWBERRIES;3974;209;;;;;3976;209;;;;;3975.0;0.0
3;54800;STRAWBERRIES;3975;209;;;;;3976;53;3977.0;156.0;;;3976.0;0.0
3;54900;STRAWBERRIES;3975;233;;;;;3976;233;;;;;3975.5;0.0
3;55000;STRAWBERRIES;3975;284;;;;;3976;277;;;;;3975.5;0.0
3;55100;STRAWBERRIES;3974;249;;;;;3976;249;;;;;3975.0;0.0
3;55200;STRAWBERRIES;3974;286;;;;;3975;286;;;;;3974.5;0.0
3;55300;STRAWBERRIES;3974;78;3973.0;151.0;;;3975;229;;;;;3974.0;0.0
3;55400;STRAWBERRIES;3974;238;;;;;3975;238;;;;;3974.5;0.0
3;55500;STRAWBERRIES;3973;228;;;;;3975;217;;;;;3974.0;0.0
3;55600;STRAWBERRIES;3973;281;;;;;3975;281;;;;;3974.0;0.0
3;55700;STRAWBERRIES;3973;201;;;;;3975;201;;;;;3974.0;0.0
3;55800;STRAWBERRIES;3972;189;;;;;3974;189;;;;;3973.0;0.0
3;55900;STRAWBERRIES;3973;52;3972.0;147.0;;;3974;199;;;;;3973.0;0.0
3;56000;STRAWBERRIES;3973;100;3972.0;195.0;;;3974;295;;;;;3973.0;0.0
3;56100;STRAWBERRIES;3972;260;;;;;3973;69;3974.0;191.0;;;3973.0;0.0
3;56200;STRAWBERRIES;3971;229;;;;;3972;100;3973.0;129.0;;;3972.0;0.0
3;56300;STRAWBERRIES;3971;204;;;;;3973;204;;;;;3972.0;0.0
3;56400;STRAWBERRIES;3971;200;;;;;3973;200;;;;;3972.0;0.0
3;56500;STRAWBERRIES;3970;271;;;;;3972;271;;;;;3971.0;0.0
3;56600;STRAWBERRIES;3970;193;;;;;3971;193;;;;;3970.5;0.0
3;56700;STRAWBERRIES;3971;7;3970.0;224.0;;;3972;224;;;;;3971.0;0.0
3;56800;STRAWBERRIES;3970;170;;;;;3972;170;;;;;3971.0;0.0
3;56900;STRAWBERRIES;3971;92;3970.0;180.0;;;3972;272;;;;;3971.0;0.0
3;57000;STRAWBERRIES;3971;92;3970.0;105.0;;;3972;201;;;;;3971.0;0.0
3;57100;STRAWBERRIES;3971;288;;;;;3973;288;;;;;3972.0;0.0
3;57200;STRAWBERRIES;3971;276;;;;;3972;78;3973.0;198.0;;;3972.0;0.0
3;57300;STRAWBERRIES;3971;270;;;;;3973;270;;;;;3972.0;0.0
3;57400;STRAWBERRIES;3971;271;;;;;3973;271;;;;;3972.0;0.0
3;57500;STRAWBERRIES;3971;255;;;;;3973;255;;;;;3972.0;0.0
3;57600;STRAWBERRIES;3972;72;3971.0;157.0;;;3973;222;;;;;3972.0;0.0
3;57700;STRAWBERRIES;3972;285;;;;;3973;285;;;;;3972.5;0.0
3;57800;STRAWBERRIES;3971;240;;;;;3973;240;;;;;3972.0;0.0
3;57900;STRAWBERRIES;3972;64;3971.0;138.0;;;3973;202;;;;;3972.0;0.0
3;58000;STRAWBERRIES;3973;82;3972.0;179.0;;;3974;261;;;;;3973.0;0.0
3;58100;STRAWBERRIES;3972;185;;;;;3974;185;;;;;3973.0;0.0
3;58200;STRAWBERRIES;3973;267;;;;;3974;267;;;;;3973.5;0.0
3;58300;STRAWBERRIES;3972;204;;;;;3974;204;;;;;3973.0;0.0
3;58400;STRAWBERRIES;3973;270;;;;;3974;270;;;;;3973.5;0.0
3;58500;STRAWBERRIES;3973;82;3972.0;129.0;;;3974;211;;;;;3973.0;0.0
3;58600;STRAWBERRIES;3973;187;;;;;3974;187;;;;;3973.5;0.0
3;58700;STRAWBERRIES;3973;77;3972.0;160.0;;;3974;237;;;;;3973.0;0.0
3;58800;STRAWBERRIES;3972;179;;;;;3974;167;;;;;3973.0;0.0
3;58900;STRAWBERRIES;3973;53;3972.0;134.0;;;3974;187;;;;;3973.0;0.0
3;59000;STRAWBERRIES;3973;263;;;;;3975;263;;;;;3974.0;0.0
3;59100;STRAWBERRIES;3973;229;;;;;3974;229;;;;;3973.5;0.0
3;59200;STRAWBERRIES;3973;52;3972.0;125.0;;;3974;177;;;;;3973.0;0.0
3;59300;STRAWBERRIES;3972;233;;;;;3973;10;3974.0;233.0;;;3973.0;0.0
3;59400;STRAWBERRIES;3972;252;;;;;3973;81;3974.0;171.0;;;3973.0;0.0
3;59500;STRAWBERRIES;3972;274;;;;;3973;274;;;;;3972.5;0.0
3;59600;STRAWBERRIES;3972;77;3971.0;112.0;;;3973;189;;;;;3972.0;0.0
3;59700;STRAWBERRIES;3971;233;;;;;3973;233;;;;;3972.0;0.0
3;59800;STRAWBERRIES;3972;269;;;;;3973;76;3974.0;193.0;;;3973.0;0.0
3;59900;STRAWBERRIES;3972;206;;;;;3974;206;;;;;3973.0;0.0
3;60000;STRAWBERRIES;3972;66;3971.0;133.0;;;3973;199;;;;;3972.0;0.0
3;60100;STRAWBERRIES;3972;244;;;;;3973;51;3974.0;193.0;;;3973.0;0.0
3;60200;STRAWBERRIES;3973;74;3972.0;189.0;;;3974;263;;;;;3973.0;0.0
3;60300;STRAWBERRIES;3972;257;;;;;3974;257;;;;;3973.0;0.0
3;60400;STRAWBERRIES;3972;166;;;;;3974;170;;;;;3973.0;0.0
3;60500;STRAWBERRIES;3972;200;;;;;3974;200;;;;;3973.0;0.0
3;60600;STRAWBERRIES;3972;180;;;;;3974;180;;;;;3973.0;0.0
3;60700;STRAWBERRIES;3973;76;3972.0;169.0;;;3974;245;;;;;3973.0;0.0
3;60800;STRAWBERRIES;3972;208;;;;;3974;208;;;;;3973.0;0.0
3;60900;STRAWBERRIES;3972;266;;;;;3973;93;3974.0;179.0;;;3973.0;0.0
3;61000;STRAWBERRIES;3972;266;;;;;3973;88;3974.0;178.0;;;3973.0;0.0
3;61100;STRAWBERRIES;3972;242;;;;;3974;242;;;;;3973.0;0.0
3;61200;STRAWBERRIES;3973;289;;;;;3974;289;;;;;3973.5;0.0
3;61300;STRAWBERRIES;3973;95;3972.0;128.0;;;3974;223;;;;;3973.0;0.0
3;61400;STRAWBERRIES;3973;234;;;;;3974;83;3975.0;151.0;;;3974.0;0.0
3;61500;STRAWBERRIES;3973;227;;;;;3974;227;;;;;3973.5;0.0
3;61600;STRAWBERRIES;3972;229;;;;;3974;229;;;;;3973.0;0.0
3;61700;STRAWBERRIES;3973;66;3972.0;192.0;;;3974;258;;;;;3973.0;0.0
3;61800;STRAWBERRIES;3972;233;;;;;3974;233;;;;;3973.0;0.0
3;61900;STRAWBERRIES;3972;210;;;;;3974;210;;;;;3973.0;0.0
3;62000;STRAWBERRIES;3972;222;;;;;3973;222;;;;;3972.5;0.0
3;62100;STRAWBERRIES;3971;169;;;;;3973;169;;;;;3972.0;0.0
3;62200;STRAWBERRIES;3972;93;3971.0;120.0;;;3973;213;;;;;3972.0;0.0
3;62300;STRAWBERRIES;3972;249;;;;;3973;85;3974.0;164.0;;;3973.0;0.0
3;62400;STRAWBERRIES;3972;192;;;;;3974;192;;;;;3973.0;0.0
3;62500;STRAWBERRIES;3972;195;;;;;3974;195;;;;;3973.0;0.0
3;62600;STRAWBERRIES;3972;215;;;;;3974;215;;;;;3973.0;0.0
3;62700;STRAWBERRIES;3972;255;;;;;3973;255;;;;;3972.5;0.0
3;62800;STRAWBERRIES;3972;188;;;;;3974;178;;;;;3973.0;0.0
3;62900;STRAWBERRIES;3972;225;;;;;3974;225;;;;;3973.0;0.0
3;63000;STRAWBERRIES;3972;265;;;;;3973;87;3974.0;178.0;;;3973.0;0.0
3;63100;STRAWBERRIES;3972;210;;;;;3973;73;3974.0;137.0;;;3973.0;0.0
3;63200;STRAWBERRIES;3972;187;;;;;3974;187;;;;;3973.0;0.0
3;63300;STRAWBERRIES;3972;283;;;;;3974;283;;;;;3973.0;0.0
3;63400;STRAWBERRIES;3973;93;3972.0;198.0;;;3974;291;;;;;3973.0;0.0
3;63500;STRAWBERRIES;3972;179;;;;;3974;179;;;;;3973.0;0.0
3;63600;STRAWBERRIES;3972;202;;;;;3973;55;3974.0;147.0;;;3973.0;0.0
3;63700;STRAWBERRIES;3972;208;;;;;3973;70;3974.0;138.0;;;3973.0;0.0
3;63800;STRAWBERRIES;3972;237;;;;;3973;4;3974.0;237.0;;;3973.0;0.0
3;63900;STRAWBERRIES;3972;298;;;;;3973;100;3974.0;198.0;;;3973.0;0.0
3;64000;STRAWBERRIES;3973;54;3972.0;128.0;;;3974;182;;;;;3973.0;0.0
3;64100;STRAWBERRIES;3973;270;;;;;3974;270;;;;;3973.5;0.0
3;64200;STRAWBERRIES;3973;189;;;;;3974;52;3975.0;137.0;;;3974.0;0.0
3;64300;STRAWBERRIES;3972;222;;;;;3974;222;;;;;3973.0;0.0
3;64400;STRAWBERRIES;3972;175;;;;;3973;68;3974.0;112.0;;;3973.0;0.0
3;64500;STRAWBERRIES;3972;240;;;;;3974;240;;;;;3973.0;0.0
3;64600;STRAWBERRIES;3972;193;;;;;3973;72;3974.0;121.0;;;3973.0;0.0
3;64700;STRAWBERRIES;3972;275;;;;;3973;90;3974.0;185.0;;;3973.0;0.0
3;64800;STRAWBERRIES;3971;272;;;;;3973;272;;;;;3972.0;0.0
3;64900;STRAWBERRIES;3972;84;3971.0;177.0;;;3973;261;;;;;3972.0;0.0
3;65000;STRAWBERRIES;3971;220;;;;;3973;220;;;;;3972.0;0.0
3;65100;STRAWBERRIES;3971;160;;;;;3972;160;;;;;3971.5;0.0
3;65200;STRAWBERRIES;3971;258;;;;;3972;258;;;;;3971.5;0.0
3;65300;STRAWBERRIES;3971;250;;;;;3973;250;;;;;3972.0;0.0
3;65400;STRAWBERRIES;3971;181;;;;;3973;181;;;;;3972.0;0.0
3;65500;STRAWBERRIES;3971;213;;;;;3973;201;;;;;3972.0;0.0
3;65600;STRAWBERRIES;3971;271;;;;;3972;77;3973.0;194.0;;;3972.0;0.0
3;65700;STRAWBERRIES;3971;277;;;;;3973;277;;;;;3972.0;0.0
3;65800;STRAWBERRIES;3972;194;;;;;3973;194;;;;;3972.5;0.0
3;65900;STRAWBERRIES;3972;259;;;;;3974;269;;;;;3973.0;0.0
3;66000;STRAWBERRIES;3972;79;3971.0;160.0;;;3973;239;;;;;3972.0;0.0
3;66100;STRAWBERRIES;3972;71;3971.0;129.0;;;3973;200;;;;;3972.0;0.0
3;66200;STRAWBERRIES;3972;258;;;;;3973;90;3974.0;168.0;;;3973.0;0.0
3;66300;STRAWBERRIES;3972;242;;;;;3973;78;3974.0;164.0;;;3973.0;0.0
3;66400;STRAWBERRIES;3972;237;;;;;3973;237;;;;;3972.5;0.0
3;66500;STRAWBERRIES;3972;188;;;;;3973;188;;;;;3972.5;0.0
3;66600;STRAWBERRIES;3972;208;;;;;3973;50;3974.0;158.0;;;3973.0;0.0
3;66700;STRAWBERRIES;3972;226;;;;;3973;59;3974.0;167.0;;;3973.0;0.0
3;66800;STRAWBERRIES;3972;204;;;;;3974;204;;;;;3973.0;0.0
3;66900;STRAWBERRIES;3973;244;;;;;3974;74;3975.0;170.0;;;3974.0;0.0
3;67000;STRAWBERRIES;3973;214;;;;;3975;214;;;;;3974.0;0.0
3;67100;STRAWBERRIES;3974;237;;;;;3975;237;;;;;3974.5;0.0
3;67200;STRAWBERRIES;3973;192;;;;;3975;186;;;;;3974.0;0.0
3;67300;STRAWBERRIES;3973;202;;;;;3974;90;3975.0;112.0;;;3974.0;0.0
3;67400;STRAWBERRIES;3973;244;;;;;3975;244;;;;;3974.0;0.0
3;67500;STRAWBERRIES;3973;93;3972.0;196.0;;;3974;289;;;;;3973.0;0.0
3;67600;STRAWBERRIES;3972;231;;;;;3974;231;;;;;3973.0;0.0
3;67700;STRAWBERRIES;3972;197;;;;;3974;197;;;;;3973.0;0.0
3;67800;STRAWBERRIES;3973;236;;;;;3974;236;;;;;3973.5;0.0
3;67900;STRAWBERRIES;3973;180;;;;;3975;180;;;;;3974.0;0.0
3;68000;STRAWBERRIES;3973;182;;;;;3975;182;;;;;3974.0;0.0
3;68100;STRAWBERRIES;3973;226;;;;;3975;226;;;;;3974.0;0.0
3;68200;STRAWBERRIES;3973;197;;;;;3974;197;;;;;3973.5;0.0
3;68300;STRAWBERRIES;3973;285;;;;;3975;277;;;;;3974.0;0.0
3;68400;STRAWBERRIES;3973;266;;;;;3975;266;;;;;3974.0;0.0
3;68500;STRAWBERRIES;3972;197;;;;;3973;66;3974.0;131.0;;;3973.0;0.0
3;68600;STRAWBERRIES;3971;258;;;;;3973;258;;;;;3972.0;0.0
3;68700;STRAWBERRIES;3971;185;;;;;3973;185;;;;;3972.0;0.0
3;68800;STRAWBERRIES;3971;171;;;;;3972;57;3973.0;114.0;;;3972.0;0.0
3;68900;STRAWBERRIES;3971;266;;;;;3973;266;;;;;3972.0;0.0
3;69000;STRAWBERRIES;3972;100;3971.0;123.0;;;3973;223;;;;;3972.0;0.0
3;69100;STRAWBERRIES;3972;183;;;;;3973;74;3974.0;109.0;;;3973.0;0.0
3;69200;STRAWBERRIES;3972;244;;;;;3973;244;;;;;3972.5;0.0
3;69300;STRAWBERRIES;3972;63;3971.0;100.0;;;3973;163;;;;;3972.0;0.0
3;69400;STRAWBERRIES;3971;225;;;;;3973;225;;;;;3972.0;0.0
3;69500;STRAWBERRIES;3971;170;;;;;3973;170;;;;;3972.0;0.0
3;69600;STRAWBERRIES;3972;198;;;;;3974;198;;;;;3973.0;0.0
3;69700;STRAWBERRIES;3972;58;3971.0;163.0;;;3973;221;;;;;3972.0;0.0
3;69800;STRAWBERRIES;3971;266;;;;;3973;266;;;;;3972.0;0.0
3;69900;STRAWBERRIES;3971;285;;;;;3972;285;;;;;3971.5;0.0
3;70000;STRAWBERRIES;3971;230;;;;;3973;230;;;;;3972.0;0.0
3;70100;STRAWBERRIES;3971;252;;;;;3973;252;;;;;3972.0;0.0
3;70200;STRAWBERRIES;3972;191;;;;;3973;191;;;;;3972.5;0.0
3;70300;STRAWBERRIES;3972;253;;;;;3974;253;;;;;3973.0;0.0
3;70400;STRAWBERRIES;3972;192;;;;;3974;192;;;;;3973.0;0.0
3;70500;STRAWBERRIES;3972;208;;;;;3973;100;3974.0;108.0;;;3973.0;0.0
3;70600;STRAWBERRIES;3972;59;3971.0;170.0;;;3973;229;;;;;3972.0;0.0
3;70700;STRAWBERRIES;3971;295;;;;;3973;295;;;;;3972.0;0.0
3;70800;STRAWBERRIES;3971;221;;;;;3972;99;3973.0;122.0;;;3972.0;0.0
3;70900;STRAWBERRIES;3971;259;;;;;3973;259;;;;;3972.0;0.0
3;71000;STRAWBERRIES;3971;274;;;;;3973;274;;;;;3972.0;0.0
3;71100;STRAWBERRIES;3972;64;3971.0;142.0;;;3973;206;;;;;3972.0;0.0
3;71200;STRAWBERRIES;3971;237;;;;;3973;237;;;;;3972.0;0.0
3;71300;STRAWBERRIES;3971;264;;;;;3972;67;3973.0;189.0;;;3972.0;0.0
3;71400;STRAWBERRIES;3971;234;;;;;3972;234;;;;;3971.5;0.0
3;71500;STRAWBERRIES;3971;161;;;;;3972;53;3973.0;108.0;;;3972.0;0.0
3;71600;STRAWBERRIES;3971;283;;;;;3972;86;3973.0;197.0;;;3972.0;0.0
3;71700;STRAWBERRIES;3971;92;3970.0;132.0;;;3972;224;;;;;3971.0;0.0
3;71800;STRAWBERRIES;3971;157;;;;;3972;57;3973.0;100.0;;;3972.0;0.0
3;71900;STRAWBERRIES;3971;85;3970.0;108.0;;;3972;193;;;;;3971.0;0.0
3;72000;STRAWBERRIES;3970;243;;;;;3971;100;3972.0;143.0;;;3971.0;0.0
3;72100;STRAWBERRIES;3970;249;;;;;3971;249;;;;;3970.5;0.0
3;72200;STRAWBERRIES;3970;259;;;;;3971;249;;;;;3970.5;0.0
3;72300;STRAWBERRIES;3970;202;;;;;3971;202;;;;;3970.5;0.0
3;72400;STRAWBERRIES;3970;80;3969.0;143.0;;;3971;223;;;;;3970.0;0.0
3;72500;STRAWBERRIES;3970;214;;;;;3971;98;3972.0;116.0;;;3971.0;0.0
3;72600;STRAWBERRIES;3971;174;;;;;3972;174;;;;;3971.5;0.0
3;72700;STRAWBERRIES;3971;50;3970.0;132.0;;;3972;182;;;;;3971.0;0.0
3;72800;STRAWBERRIES;3970;202;;;;;3972;202;;;;;3971.0;0.0
3;72900;STRAWBERRIES;3971;81;3970.0;152.0;;;3972;229;;;;;3971.0;0.0
3;73000;STRAWBERRIES;3970;249;;;;;3972;249;;;;;3971.0;0.0
3;73100;STRAWBERRIES;3971;292;;;;;3973;280;;;;;3972.0;0.0
3;73200;STRAWBERRIES;3971;185;;;;;3973;185;;;;;3972.0;0.0
3;73300;STRAWBERRIES;3971;218;;;;;3973;218;;;;;3972.0;0.0
3;73400;STRAWBERRIES;3972;5;3971.0;260.0;;;3973;260;;;;;3972.0;0.0
3;73500;STRAWBERRIES;3972;90;3971.0;152.0;;;3973;242;;;;;3972.0;0.0
3;73600;STRAWBERRIES;3972;79;3971.0;194.0;;;3973;263;;;;;3972.0;0.0
3;73700;STRAWBERRIES;3972;239;;;;;3973;239;;;;;3972.5;0.0
3;73800;STRAWBERRIES;3971;236;;;;;3973;236;;;;;3972.0;0.0
3;73900;STRAWBERRIES;3972;84;3971.0;199.0;;;3973;283;;;;;3972.0;0.0
3;74000;STRAWBERRIES;3971;272;;;;;3973;272;;;;;3972.0;0.0
3;74100;STRAWBERRIES;3972;262;;;;;3973;262;;;;;3972.5;0.0
3;74200;STRAWBERRIES;3971;224;;;;;3973;224;;;;;3972.0;0.0
3;74300;STRAWBERRIES;3971;176;;;;;3973;176;;;;;3972.0;0.0
3;74400;STRAWBERRIES;3971;209;;;;;3972;94;3973.0;115.0;;;3972.0;0.0
3;74500;STRAWBERRIES;3972;85;3971.0;144.0;;;3973;229;;;;;3972.0;0.0
3;74600;STRAWBERRIES;3972;268;;;;;3973;268;;;;;3972.5;0.0
3;74700;STRAWBERRIES;3971;235;;;;;3973;235;;;;;3972.0;0.0
3;74800;STRAWBERRIES;3971;207;;;;;3973;207;;;;;3972.0;0.0
3;74900;STRAWBERRIES;3971;295;;;;;3973;295;;;;;3972.0;0.0
3;75000;STRAWBERRIES;3972;193;;;;;3973;88;3974.0;105.0;;;3973.0;0.0
3;75100;STRAWBERRIES;3972;202;;;;;3974;202;;;;;3973.0;0.0
3;75200;STRAWBERRIES;3972;266;;;;;3973;266;;;;;3972.5;0.0
3;75300;STRAWBERRIES;3972;254;;;;;3974;254;;;;;3973.0;0.0
3;75400;STRAWBERRIES;3973;53;3972.0;139.0;;;3974;196;;;;;3973.0;0.0
3;75500;STRAWBERRIES;3973;207;;;;;3975;207;;;;;3974.0;0.0
3;75600;STRAWBERRIES;3973;242;;;;;3975;242;;;;;3974.0;0.0
3;75700;STRAWBERRIES;3973;81;3972.0;199.0;;;3974;280;;;;;3973.0;0.0
3;75800;STRAWBERRIES;3973;60;3972.0;194.0;;;3974;254;;;;;3973.0;0.0
3;75900;STRAWBERRIES;3973;233;;;;;3975;233;;;;;3974.0;0.0
3;76000;STRAWBERRIES;3974;68;3973.0;183.0;;;3975;251;;;;;3974.0;0.0
3;76100;STRAWBERRIES;3974;205;;;;;3975;82;3976.0;123.0;;;3975.0;0.0
3;76200;STRAWBERRIES;3975;69;3974.0;177.0;;;3976;246;;;;;3975.0;0.0
3;76300;STRAWBERRIES;3975;66;3974.0;191.0;;;3976;257;;;;;3975.0;0.0
3;76400;STRAWBERRIES;3974;282;;;;;3976;282;;;;;3975.0;0.0
3;76500;STRAWBERRIES;3974;55;3973.0;151.0;;;3975;206;;;;;3974.0;0.0
3;76600;STRAWBERRIES;3973;288;;;;;3974;90;3975.0;198.0;;;3974.0;0.0
3;76700;STRAWBERRIES;3973;264;;;;;3974;264;;;;;3973.5;0.0
3;76800;STRAWBERRIES;3972;184;;;;;3974;184;;;;;3973.0;0.0
3;76900;STRAWBERRIES;3972;190;;;;;3973;74;3974.0;116.0;;;3973.0;0.0
3;77000;STRAWBERRIES;3972;64;3971.0;170.0;;;3973;234;;;;;3972.0;0.0
3;77100;STRAWBERRIES;3971;196;;;;;3973;196;;;;;3972.0;0.0
3;77200;STRAWBERRIES;3971;276;;;;;3973;276;;;;;3972.0;0.0
3;77300;STRAWBERRIES;3971;222;;;;;3973;222;;;;;3972.0;0.0
3;77400;STRAWBERRIES;3972;56;3971.0;120.0;;;3973;176;;;;;3972.0;0.0
3;77500;STRAWBERRIES;3972;175;;;;;3973;73;3974.0;102.0;;;3973.0;0.0
3;77600;STRAWBERRIES;3971;274;;;;;3972;85;3973.0;189.0;;;3972.0;0.0
3;77700;STRAWBERRIES;3971;213;;;;;3972;56;3973.0;157.0;;;3972.0;0.0
3;77800;STRAWBERRIES;3970;203;;;;;3971;50;3972.0;153.0;;;3971.0;0.0
3;77900;STRAWBERRIES;3971;56;3970.0;114.0;;;3972;170;;;;;3971.0;0.0
3;78000;STRAWBERRIES;3971;88;3970.0;112.0;;;3972;200;;;;;3971.0;0.0
3;78100;STRAWBERRIES;3971;59;3970.0;144.0;;;3972;203;;;;;3971.0;0.0
3;78200;STRAWBERRIES;3970;164;;;;;3972;164;;;;;3971.0;0.0
3;78300;STRAWBERRIES;3970;263;;;;;3971;263;;;;;3970.5;0.0
3;78400;STRAWBERRIES;3970;230;;;;;3972;230;;;;;3971.0;0.0
3;78500;STRAWBERRIES;3970;229;;;;;3971;229;;;;;3970.5;0.0
3;78600;STRAWBERRIES;3970;232;;;;;3971;232;;;;;3970.5;0.0
3;78700;STRAWBERRIES;3970;237;;;;;3971;97;3972.0;140.0;;;3971.0;0.0
3;78800;STRAWBERRIES;3971;88;3970.0;197.0;;;3972;296;;;;;3971.0;0.0
3;78900;STRAWBERRIES;3970;64;3969.0;157.0;;;3971;221;;;;;3970.0;0.0
3;79000;STRAWBERRIES;3969;191;;;;;3971;191;;;;;3970.0;0.0
3;79100;STRAWBERRIES;3969;165;;;;;3970;165;;;;;3969.5;0.0
3;79200;STRAWBERRIES;3968;264;;;;;3970;264;;;;;3969.0;0.0
3;79300;STRAWBERRIES;3969;232;;;;;3970;87;3971.0;133.0;;;3970.0;0.0
3;79400;STRAWBERRIES;3969;241;;;;;3970;241;;;;;3969.5;0.0
3;79500;STRAWBERRIES;3969;275;;;;;3970;275;;;;;3969.5;0.0
3;79600;STRAWBERRIES;3969;268;;;;;3970;268;;;;;3969.5;0.0
3;79700;STRAWBERRIES;3969;166;;;;;3971;171;;;;;3970.0;0.0
3;79800;STRAWBERRIES;3969;220;;;;;3970;96;3971.0;124.0;;;3970.0;0.0
3;79900;STRAWBERRIES;3969;233;;;;;3970;230;;;;;3969.5;0.0
3;80000;STRAWBERRIES;3969;183;;;;;3970;183;;;;;3969.5;0.0
3;80100;STRAWBERRIES;3968;269;;;;;3970;269;;;;;3969.0;0.0
3;80200;STRAWBERRIES;3968;184;;;;;3970;184;;;;;3969.0;0.0
3;80300;STRAWBERRIES;3969;73;3968.0;148.0;;;3970;221;;;;;3969.0;0.0
3;80400;STRAWBERRIES;3969;225;;;;;3970;225;;;;;3969.5;0.0
3;80500;STRAWBERRIES;3968;220;;;;;3970;220;;;;;3969.0;0.0
3;80600;STRAWBERRIES;3969;85;3968.0;100.0;;;3970;185;;;;;3969.0;0.0
3;80700;STRAWBERRIES;3968;224;;;;;3969;224;;;;;3968.5;0.0
3;80800;STRAWBERRIES;3968;190;;;;;3969;194;;;;;3968.5;0.0
3;80900;STRAWBERRIES;3968;55;3967.0;185.0;;;3969;240;;;;;3968.0;0.0
3;81000;STRAWBERRIES;3968;178;;;;;3969;178;;;;;3968.5;0.0
3;81100;STRAWBERRIES;3968;230;;;;;3970;230;;;;;3969.0;0.0
3;81200;STRAWBERRIES;3968;279;;;;;3970;269;;;;;3969.0;0.0
3;81300;STRAWBERRIES;3968;280;;;;;3969;92;3970.0;188.0;;;3969.0;0.0
3;81400;STRAWBERRIES;3967;247;;;;;3969;247;;;;;3968.0;0.0
3;81500;STRAWBERRIES;3968;100;3967.0;192.0;;;3969;292;;;;;3968.0;0.0
3;81600;STRAWBERRIES;3967;227;;;;;3969;227;;;;;3968.0;0.0
3;81700;STRAWBERRIES;3968;195;;;;;3969;74;3970.0;121.0;;;3969.0;0.0
3;81800;STRAWBERRIES;3968;96;3967.0;153.0;;;3969;249;;;;;3968.0;0.0
3;81900;STRAWBERRIES;3967;265;;;;;3969;265;;;;;3968.0;0.0
3;82000;STRAWBERRIES;3967;221;;;;;3968;7;3969.0;221.0;;;3968.0;0.0
3;82100;STRAWBERRIES;3968;79;3967.0;117.0;;;3969;196;;;;;3968.0;0.0
3;82200;STRAWBERRIES;3968;236;;;;;3969;231;;;;;3968.5;0.0
3;82300;STRAWBERRIES;3968;241;;;;;3969;241;;;;;3968.5;0.0
3;82400;STRAWBERRIES;3968;162;;;;;3970;162;;;;;3969.0;0.0
3;82500;STRAWBERRIES;3969;239;;;;;3970;239;;;;;3969.5;0.0
3;82600;STRAWBERRIES;3970;89;3969.0;112.0;;;3971;201;;;;;3970.0;0.0
3;82700;STRAWBERRIES;3969;192;;;;;3971;192;;;;;3970.0;0.0
3;82800;STRAWBERRIES;3969;259;;;;;3971;259;;;;;3970.0;0.0
3;82900;STRAWBERRIES;3970;70;3969.0;195.0;;;3971;265;;;;;3970.0;0.0
3;83000;STRAWBERRIES;3970;212;;;;;3971;212;;;;;3970.5;0.0
3;83100;STRAWBERRIES;3969;196;;;;;3971;196;;;;;3970.0;0.0
3;83200;STRAWBERRIES;3970;222;;;;;3972;222;;;;;3971.0;0.0
3;83300;STRAWBERRIES;3970;240;;;;;3972;240;;;;;3971.0;0.0
3;83400;STRAWBERRIES;3970;265;;;;;3971;273;;;;;3970.5;0.0
3;83500;STRAWBERRIES;3969;276;;;;;3971;276;;;;;3970.0;0.0
3;83600;STRAWBERRIES;3969;286;;;;;3971;286;;;;;3970.0;0.0
3;83700;STRAWBERRIES;3969;245;;;;;3971;245;;;;;3970.0;0.0
3;83800;STRAWBERRIES;3969;74;3968.0;110.0;;;3970;184;;;;;3969.0;0.0
3;83900;STRAWBERRIES;3968;186;;;;;3970;186;;;;;3969.0;0.0
3;84000;STRAWBERRIES;3968;209;;;;;3970;209;;;;;3969.0;0.0
3;84100;STRAWBERRIES;3969;174;;;;;3970;174;;;;;3969.5;0.0
3;84200;STRAWBERRIES;3969;256;;;;;3970;93;3971.0;151.0;;;3970.0;0.0
3;84300;STRAWBERRIES;3969;73;3968.0;200.0;;;3970;273;;;;;3969.0;0.0
3;84400;STRAWBERRIES;3969;98;3968.0;163.0;;;3970;261;;;;;3969.0;0.0
3;84500;STRAWBERRIES;3969;238;;;;;3970;238;;;;;3969.5;0.0
3;84600;STRAWBERRIES;3969;176;;;;;3970;68;3971.0;108.0;;;3970.0;0.0
3;84700;STRAWBERRIES;3968;181;;;;;3970;181;;;;;3969.0;0.0
3;84800;STRAWBERRIES;3968;253;;;;;3970;253;;;;;3969.0;0.0
3;84900;STRAWBERRIES;3968;254;;;;;3970;254;;;;;3969.0;0.0
3;85000;STRAWBERRIES;3968;280;;;;;3970;268;;;;;3969.0;0.0
3;85100;STRAWBERRIES;3968;223;;;;;3969;223;;;;;3968.5;0.0
3;85200;STRAWBERRIES;3968;82;3967.0;135.0;;;3969;217;;;;;3968.0;0.0
3;85300;STRAWBERRIES;3969;158;;;;;3970;158;;;;;3969.5;0.0
3;85400;STRAWBERRIES;3969;161;;;;;3970;50;3971.0;111.0;;;3970.0;0.0
3;85500;STRAWBERRIES;3968;180;;;;;3970;180;;;;;3969.0;0.0
3;85600;STRAWBERRIES;3969;268;;;;;3970;94;3971.0;174.0;;;3970.0;0.0
3;85700;STRAWBERRIES;3969;259;;;;;3971;259;;;;;3970.0;0.0
3;85800;STRAWBERRIES;3969;266;;;;;3971;266;;;;;3970.0;0.0
3;85900;STRAWBERRIES;3970;80;3969.0;103.0;;;3971;188;;;;;3970.0;0.0
3;86000;STRAWBERRIES;3969;211;;;;;3971;211;;;;;3970.0;0.0
3;86100;STRAWBERRIES;3969;277;;;;;3970;92;3971.0;185.0;;;3970.0;0.0
3;86200;STRAWBERRIES;3969;249;;;;;3971;249;;;;;3970.0;0.0
3;86300;STRAWBERRIES;3969;174;;;;;3970;67;3971.0;107.0;;;3970.0;0.0
3;86400;STRAWBERRIES;3969;189;;;;;3970;189;;;;;3969.5;0.0
3;86500;STRAWBERRIES;3968;158;;;;;3970;158;;;;;3969.0;0.0
3;86600;STRAWBERRIES;3968;202;;;;;3970;202;;;;;3969.0;0.0
3;86700;STRAWBERRIES;3969;237;;;;;3970;69;3971.0;171.0;;;3970.0;0.0
3;86800;STRAWBERRIES;3969;238;;;;;3970;50;3971.0;188.0;;;3970.0;0.0
3;86900;STRAWBERRIES;3969;213;;;;;3970;75;3971.0;138.0;;;3970.0;0.0
3;87000;STRAWBERRIES;3969;195;;;;;3971;195;;;;;3970.0;0.0
3;87100;STRAWBERRIES;3970;61;3969.0;124.0;;;3971;195;;;;;3970.0;0.0
3;87200;STRAWBERRIES;3970;60;3969.0;104.0;;;3971;164;;;;;3970.0;0.0
3;87300;STRAWBERRIES;3970;56;3969.0;164.0;;;3971;220;;;;;3970.0;0.0
3;87400;STRAWBERRIES;3970;57;3969.0;131.0;;;3971;188;;;;;3970.0;0.0
3;87500;STRAWBERRIES;3970;219;;;;;3971;219;;;;;3970.5;0.0
3;87600;STRAWBERRIES;3970;169;;;;;3971;65;3972.0;104.0;;;3971.0;0.0
3;87700;STRAWBERRIES;3969;248;;;;;3971;248;;;;;3970.0;0.0
3;87800;STRAWBERRIES;3969;209;;;;;3971;209;;;;;3970.0;0.0
3;87900;STRAWBERRIES;3969;278;;;;;3971;278;;;;;3970.0;0.0
3;88000;STRAWBERRIES;3970;87;3969.0;180.0;;;3971;267;;;;;3970.0;0.0
3;88100;STRAWBERRIES;3970;6;3969.0;263.0;;;3971;263;;;;;3970.0;0.0
3;88200;STRAWBERRIES;3969;159;;;;;3971;159;;;;;3970.0;0.0
3;88300;STRAWBERRIES;3968;218;;;;;3970;218;;;;;3969.0;0.0
3;88400;STRAWBERRIES;3969;248;;;;;3970;248;;;;;3969.5;0.0
3;88500;STRAWBERRIES;3969;70;3968.0;124.0;;;3970;194;;;;;3969.0;0.0
3;88600;STRAWBERRIES;3968;214;;;;;3970;214;;;;;3969.0;0.0
3;88700;STRAWBERRIES;3968;265;;;;;3969;8;3970.0;265.0;;;3969.0;0.0
3;88800;STRAWBERRIES;3968;214;;;;;3970;214;;;;;3969.0;0.0
3;88900;STRAWBERRIES;3968;260;;;;;3969;64;3970.0;196.0;;;3969.0;0.0
3;89000;STRAWBERRIES;3968;186;;;;;3969;58;3970.0;128.0;;;3969.0;0.0
3;89100;STRAWBERRIES;3968;252;;;;;3970;252;;;;;3969.0;0.0
3;89200;STRAWBERRIES;3968;259;;;;;3970;259;;;;;3969.0;0.0
3;89300;STRAWBERRIES;3968;180;;;;;3970;180;;;;;3969.0;0.0
3;89400;STRAWBERRIES;3968;238;;;;;3970;238;;;;;3969.0;0.0
3;89500;STRAWBERRIES;3968;196;;;;;3970;196;;;;;3969.0;0.0
3;89600;STRAWBERRIES;3968;246;;;;;3970;254;;;;;3969.0;0.0
3;89700;STRAWBERRIES;3969;254;;;;;3970;254;;;;;3969.5;0.0
3;89800;STRAWBERRIES;3970;186;;;;;3971;186;;;;;3970.5;0.0
3;89900;STRAWBERRIES;3970;205;;;;;3971;208;;;;;3970.5;0.0
3;90000;STRAWBERRIES;3969;230;;;;;3971;230;;;;;3970.0;0.0
3;90100;STRAWBERRIES;3969;233;;;;;3971;233;;;;;3970.0;0.0
3;90200;STRAWBERRIES;3970;85;3969.0;114.0;;;3971;199;;;;;3970.0;0.0
3;90300;STRAWBERRIES;3969;216;;;;;3971;216;;;;;3970.0;0.0
3;90400;STRAWBERRIES;3970;249;;;;;3971;249;;;;;3970.5;0.0
3;90500;STRAWBERRIES;3970;283;;;;;3971;283;;;;;3970.5;0.0
3;90600;STRAWBERRIES;3970;90;3969.0;110.0;;;3971;200;;;;;3970.0;0.0
3;90700;STRAWBERRIES;3969;276;;;;;3970;276;;;;;3969.5;0.0
3;90800;STRAWBERRIES;3969;158;;;;;3970;65;3971.0;101.0;;;3970.0;0.0
3;90900;STRAWBERRIES;3968;209;;;;;3969;93;3970.0;116.0;;;3969.0;0.0
3;91000;STRAWBERRIES;3968;199;;;;;3970;199;;;;;3969.0;0.0
3;91100;STRAWBERRIES;3968;215;;;;;3969;66;3970.0;149.0;;;3969.0;0.0
3;91200;STRAWBERRIES;3968;205;;;;;3969;93;3970.0;112.0;;;3969.0;0.0
3;91300;STRAWBERRIES;3968;291;;;;;3970;291;;;;;3969.0;0.0
3;91400;STRAWBERRIES;3968;221;;;;;3970;221;;;;;3969.0;0.0
3;91500;STRAWBERRIES;3968;251;;;;;3969;251;;;;;3968.5;0.0
3;91600;STRAWBERRIES;3968;250;;;;;3970;250;;;;;3969.0;0.0
3;91700;STRAWBERRIES;3969;9;3968.0;190.0;;;3970;190;;;;;3969.0;0.0
3;91800;STRAWBERRIES;3968;241;;;;;3969;66;3970.0;175.0;;;3969.0;0.0
3;91900;STRAWBERRIES;3967;180;;;;;3969;180;;;;;3968.0;0.0
3;92000;STRAWBERRIES;3968;79;3967.0;193.0;;;3969;276;;;;;3968.0;0.0
3;92100;STRAWBERRIES;3968;274;;;;;3969;274;;;;;3968.5;0.0
3;92200;STRAWBERRIES;3968;214;;;;;3969;214;;;;;3968.5;0.0
3;92300;STRAWBERRIES;3968;223;;;;;3969;223;;;;;3968.5;0.0
3;92400;STRAWBERRIES;3967;215;;;;;3969;215;;;;;3968.0;0.0
3;92500;STRAWBERRIES;3967;195;;;;;3969;195;;;;;3968.0;0.0
3;92600;STRAWBERRIES;3967;213;;;;;3969;213;;;;;3968.0;0.0
3;92700;STRAWBERRIES;3967;192;;;;;3969;192;;;;;3968.0;0.0
3;92800;STRAWBERRIES;3968;217;;;;;3969;65;3970.0;152.0;;;3969.0;0.0
3;92900;STRAWBERRIES;3968;230;;;;;3969;230;;;;;3968.5;0.0
3;93000;STRAWBERRIES;3968;255;;;;;3969;82;3970.0;173.0;;;3969.0;0.0
3;93100;STRAWBERRIES;3968;74;3967.0;128.0;;;3969;202;;;;;3968.0;0.0
3;93200;STRAWBERRIES;3968;213;;;;;3969;60;3970.0;153.0;;;3969.0;0.0
3;93300;STRAWBERRIES;3969;243;;;;;3970;243;;;;;3969.5;0.0
3;93400;STRAWBERRIES;3969;57;3968.0;197.0;;;3970;254;;;;;3969.0;0.0
3;93500;STRAWBERRIES;3968;210;;;;;3970;210;;;;;3969.0;0.0
3;93600;STRAWBERRIES;3968;189;;;;;3969;192;;;;;3968.5;0.0
3;93700;STRAWBERRIES;3968;265;;;;;3970;265;;;;;3969.0;0.0
3;93800;STRAWBERRIES;3968;208;;;;;3970;208;;;;;3969.0;0.0
3;93900;STRAWBERRIES;3969;50;3968.0;140.0;;;3970;190;;;;;3969.0;0.0
3;94000;STRAWBERRIES;3969;51;3968.0;122.0;;;3970;173;;;;;3969.0;0.0
3;94100;STRAWBERRIES;3969;252;;;;;3970;69;3971.0;183.0;;;3970.0;0.0
3;94200;STRAWBERRIES;3969;53;3968.0;152.0;;;3970;205;;;;;3969.0;0.0
3;94300;STRAWBERRIES;3968;244;;;;;3969;75;3970.0;169.0;;;3969.0;0.0
3;94400;STRAWBERRIES;3968;236;;;;;3969;236;;;;;3968.5;0.0
3;94500;STRAWBERRIES;3968;235;;;;;3969;100;3970.0;135.0;;;3969.0;0.0
3;94600;STRAWBERRIES;3969;84;3968.0;141.0;;;3970;225;;;;;3969.0;0.0
3;94700;STRAWBERRIES;3968;193;;;;;3970;193;;;;;3969.0;0.0
3;94800;STRAWBERRIES;3968;268;;;;;3970;268;;;;;3969.0;0.0
3;94900;STRAWBERRIES;3968;284;;;;;3969;284;;;;;3968.5;0.0
3;95000;STRAWBERRIES;3968;48;3967.0;177.0;;;3969;235;;;;;3968.0;0.0
3;95100;STRAWBERRIES;3968;87;3967.0;150.0;;;3969;237;;;;;3968.0;0.0
3;95200;STRAWBERRIES;3968;58;3967.0;173.0;;;3969;231;;;;;3968.0;0.0
3;95300;STRAWBERRIES;3968;209;;;;;3969;209;;;;;3968.5;0.0
3;95400;STRAWBERRIES;3967;221;;;;;3969;221;;;;;3968.0;0.0
3;95500;STRAWBERRIES;3967;216;;;;;3968;65;3969.0;151.0;;;3968.0;0.0
3;95600;STRAWBERRIES;3967;278;;;;;3968;278;;;;;3967.5;0.0
3;95700;STRAWBERRIES;3967;244;;;;;3969;244;;;;;3968.0;0.0
3;95800;STRAWBERRIES;3968;227;;;;;3969;224;;;;;3968.5;0.0
3;95900;STRAWBERRIES;3968;288;;;;;3969;91;3970.0;197.0;;;3969.0;0.0
3;96000;STRAWBERRIES;3968;264;;;;;3970;264;;;;;3969.0;0.0
3;96100;STRAWBERRIES;3968;219;;;;;3969;219;;;;;3968.5;0.0
3;96200;STRAWBERRIES;3968;229;;;;;3970;229;;;;;3969.0;0.0
3;96300;STRAWBERRIES;3967;207;;;;;3969;207;;;;;3968.0;0.0
3;96400;STRAWBERRIES;3967;257;;;;;3968;64;3969.0;193.0;;;3968.0;0.0
3;96500;STRAWBERRIES;3967;169;;;;;3968;61;3969.0;108.0;;;3968.0;0.0
3;96600;STRAWBERRIES;3966;266;;;;;3968;266;;;;;3967.0;0.0
3;96700;STRAWBERRIES;3966;224;;;;;3968;224;;;;;3967.0;0.0
3;96800;STRAWBERRIES;3966;200;;;;;3967;73;3968.0;127.0;;;3967.0;0.0
3;96900;STRAWBERRIES;3966;208;;;;;3967;69;3968.0;139.0;;;3967.0;0.0
3;97000;STRAWBERRIES;3966;228;;;;;3968;228;;;;;3967.0;0.0
3;97100;STRAWBERRIES;3967;82;3966.0;135.0;;;3968;217;;;;;3967.0;0.0
3;97200;STRAWBERRIES;3967;204;;;;;3969;204;;;;;3968.0;0.0
3;97300;STRAWBERRIES;3967;201;;;;;3969;201;;;;;3968.0;0.0
3;97400;STRAWBERRIES;3967;285;;;;;3969;285;;;;;3968.0;0.0
3;97500;STRAWBERRIES;3967;217;;;;;3969;217;;;;;3968.0;0.0
3;97600;STRAWBERRIES;3967;269;;;;;3968;90;3969.0;179.0;;;3968.0;0.0
3;97700;STRAWBERRIES;3967;94;3966.0;102.0;;;3968;196;;;;;3967.0;0.0
3;97800;STRAWBERRIES;3966;205;;;;;3968;205;;;;;3967.0;0.0
3;97900;STRAWBERRIES;3966;249;;;;;3968;249;;;;;3967.0;0.0
3;98000;STRAWBERRIES;3966;277;;;;;3968;277;;;;;3967.0;0.0
3;98100;STRAWBERRIES;3966;225;;;;;3967;53;3968.0;172.0;;;3967.0;0.0
3;98200;STRAWBERRIES;3966;39;3965.0;137.0;;;3967;187;;;;;3966.0;0.0
3;98300;STRAWBERRIES;3965;240;;;;;3967;240;;;;;3966.0;0.0
3;98400;STRAWBERRIES;3965;200;;;;;3967;191;;;;;3966.0;0.0
3;98500;STRAWBERRIES;3965;232;;;;;3966;232;;;;;3965.5;0.0
3;98600;STRAWBERRIES;3964;236;;;;;3966;246;;;;;3965.0;0.0
3;98700;STRAWBERRIES;3965;69;3964.0;179.0;;;3966;248;;;;;3965.0;0.0
3;98800;STRAWBERRIES;3965;87;3964.0;168.0;;;3966;255;;;;;3965.0;0.0
3;98900;STRAWBERRIES;3965;248;;;;;3966;65;3967.0;183.0;;;3966.0;0.0
3;99000;STRAWBERRIES;3965;201;;;;;3967;201;;;;;3966.0;0.0
3;99100;STRAWBERRIES;3965;244;;;;;3966;98;3967.0;146.0;;;3966.0;0.0
3;99200;STRAWBERRIES;3965;200;;;;;3967;200;;;;;3966.0;0.0
3;99300;STRAWBERRIES;3965;218;;;;;3967;218;;;;;3966.0;0.0
3;99400;STRAWBERRIES;3966;73;3965.0;164.0;;;3967;237;;;;;3966.0;0.0
3;99500;STRAWBERRIES;3966;54;3965.0;152.0;;;3967;206;;;;;3966.0;0.0
3;99600;STRAWBERRIES;3965;216;;;;;3967;216;;;;;3966.0;0.0
3;99700;STRAWBERRIES;3965;181;;;;;3967;181;;;;;3966.0;0.0
3;99800;STRAWBERRIES;3965;247;;;;;3967;247;;;;;3966.0;0.0
3;99900;STRAWBERRIES;3967;274;;;;;3968;274;;;;;3967.5;0.0
3;100000;STRAWBERRIES;3967;90;3966.0;111.0;;;3968;201;;;;;3967.0;0.0
3;100100;STRAWBERRIES;3966;273;;;;;3968;273;;;;;3967.0;0.0
3;100200;STRAWBERRIES;3967;212;;;;;3968;212;;;;;3967.5;0.0
3;100300;STRAWBERRIES;3966;208;;;;;3968;208;;;;;3967.0;0.0
3;100400;STRAWBERRIES;3966;263;;;;;3968;263;;;;;3967.0;0.0
3;100500;STRAWBERRIES;3967;62;3966.0;173.0;;;3968;235;;;;;3967.0;0.0
3;100600;STRAWBERRIES;3967;78;3966.0;165.0;;;3968;243;;;;;3967.0;0.0
3;100700;STRAWBERRIES;3967;249;;;;;3968;249;;;;;3967.5;0.0
3;100800;STRAWBERRIES;3968;72;3967.0;141.0;;;3969;213;;;;;3968.0;0.0
3;100900;STRAWBERRIES;3967;272;;;;;3968;272;;;;;3967.5;0.0
3;101000;STRAWBERRIES;3967;227;;;;;3969;227;;;;;3968.0;0.0
3;101100;STRAWBERRIES;3967;215;;;;;3969;215;;;;;3968.0;0.0
3;101200;STRAWBERRIES;3967;168;;;;;3968;172;;;;;3967.5;0.0
3;101300;STRAWBERRIES;3967;243;;;;;3968;243;;;;;3967.5;0.0
3;101400;STRAWBERRIES;3968;210;;;;;3969;203;;;;;3968.5;0.0
3;101500;STRAWBERRIES;3968;81;3967.0;193.0;;;3969;267;;;;;3968.0;0.0
3;101600;STRAWBERRIES;3968;55;3967.0;101.0;;;3969;156;;;;;3968.0;0.0
3;101700;STRAWBERRIES;3967;228;;;;;3968;228;;;;;3967.5;0.0
3;101800;STRAWBERRIES;3968;8;3967.0;183.0;;;3969;183;;;;;3968.0;0.0
3;101900;STRAWBERRIES;3968;183;;;;;3969;183;;;;;3968.5;0.0
3;102000;STRAWBERRIES;3968;224;;;;;3969;94;3970.0;124.0;;;3969.0;0.0
3;102100;STRAWBERRIES;3968;225;;;;;3969;58;3970.0;173.0;;;3969.0;0.0
3;102200;STRAWBERRIES;3968;256;;;;;3969;256;;;;;3968.5;0.0
3;102300;STRAWBERRIES;3968;273;;;;;3969;273;;;;;3968.5;0.0
3;102400;STRAWBERRIES;3967;264;;;;;3968;3;3969.0;264.0;;;3968.0;0.0
3;102500;STRAWBERRIES;3967;96;3966.0;112.0;;;3968;208;;;;;3967.0;0.0
3;102600;STRAWBERRIES;3967;221;;;;;3968;221;;;;;3967.5;0.0
3;102700;STRAWBERRIES;3967;220;;;;;3968;220;;;;;3967.5;0.0
3;102800;STRAWBERRIES;3966;261;;;;;3968;261;;;;;3967.0;0.0
3;102900;STRAWBERRIES;3966;199;;;;;3968;199;;;;;3967.0;0.0
3;103000;STRAWBERRIES;3966;169;;;;;3967;169;;;;;3966.5;0.0
3;103100;STRAWBERRIES;3966;174;;;;;3968;174;;;;;3967.0;0.0
3;103200;STRAWBERRIES;3966;89;3965.0;126.0;;;3967;215;;;;;3966.0;0.0
3;103300;STRAWBERRIES;3965;204;;;;;3967;204;;;;;3966.0;0.0
3;103400;STRAWBERRIES;3965;179;;;;;3966;179;;;;;3965.5;0.0
3;103500;STRAWBERRIES;3965;237;;;;;3966;98;3967.0;139.0;;;3966.0;0.0
3;103600;STRAWBERRIES;3965;96;3964.0;107.0;;;3966;203;;;;;3965.0;0.0
3;103700;STRAWBERRIES;3965;246;;;;;3966;246;;;;;3965.5;0.0
3;103800;STRAWBERRIES;3964;193;;;;;3966;193;;;;;3965.0;0.0
3;103900;STRAWBERRIES;3965;61;3964.0;101.0;;;3966;171;;;;;3965.0;0.0
3;104000;STRAWBERRIES;3965;234;;;;;3966;234;;;;;3965.5;0.0
3;104100;STRAWBERRIES;3965;199;;;;;3967;199;;;;;3966.0;0.0
3;104200;STRAWBERRIES;3965;163;;;;;3967;163;;;;;3966.0;0.0
3;104300;STRAWBERRIES;3966;64;3965.0;163.0;;;3967;235;;;;;3966.0;0.0
3;104400;STRAWBERRIES;3966;195;;;;;3968;195;;;;;3967.0;0.0
3;104500;STRAWBERRIES;3966;254;;;;;3967;81;3968.0;173.0;;;3967.0;0.0
3;104600;STRAWBERRIES;3966;58;3965.0;151.0;;;3967;209;;;;;3966.0;0.0
3;104700;STRAWBERRIES;3966;69;3965.0;182.0;;;3967;251;;;;;3966.0;0.0
3;104800;STRAWBERRIES;3966;182;;;;;3967;182;;;;;3966.5;0.0
3;104900;STRAWBERRIES;3967;87;3966.0;195.0;;;3968;282;;;;;3967.0;0.0
3;105000;STRAWBERRIES;3967;184;;;;;3969;184;;;;;3968.0;0.0
3;105100;STRAWBERRIES;3967;267;;;;;3968;89;3969.0;178.0;;;3968.0;0.0
3;105200;STRAWBERRIES;3967;83;3966.0;128.0;;;3968;211;;;;;3967.0;0.0
3;105300;STRAWBERRIES;3967;244;;;;;3968;244;;;;;3967.5;0.0
3;105400;STRAWBERRIES;3967;255;;;;;3969;255;;;;;3968.0;0.0
3;105500;STRAWBERRIES;3967;245;;;;;3969;251;;;;;3968.0;0.0
3;105600;STRAWBERRIES;3967;185;;;;;3969;185;;;;;3968.0;0.0
3;105700;STRAWBERRIES;3967;219;;;;;3968;100;3969.0;119.0;;;3968.0;0.0
3;105800;STRAWBERRIES;3967;186;;;;;3969;186;;;;;3968.0;0.0
3;105900;STRAWBERRIES;3967;201;;;;;3969;201;;;;;3968.0;0.0
3;106000;STRAWBERRIES;3968;84;3967.0;163.0;;;3969;247;;;;;3968.0;0.0
3;106100;STRAWBERRIES;3968;88;3967.0;183.0;;;3969;271;;;;;3968.0;0.0
3;106200;STRAWBERRIES;3968;202;;;;;3969;202;;;;;3968.5;0.0
3;106300;STRAWBERRIES;3967;206;;;;;3969;206;;;;;3968.0;0.0
3;106400;STRAWBERRIES;3967;265;;;;;3969;265;;;;;3968.0;0.0
3;106500;STRAWBERRIES;3967;186;;;;;3968;62;3969.0;124.0;;;3968.0;0.0
3;106600;STRAWBERRIES;3968;91;3967.0;195.0;;;3969;286;;;;;3968.0;0.0
3;106700;STRAWBERRIES;3967;218;;;;;3969;218;;;;;3968.0;0.0
3;106800;STRAWBERRIES;3967;240;;;;;3969;240;;;;;3968.0;0.0
3;106900;STRAWBERRIES;3967;173;;;;;3969;173;;;;;3968.0;0.0
3;107000;STRAWBERRIES;3967;215;;;;;3969;215;;;;;3968.0;0.0
3;107100;STRAWBERRIES;3967;241;;;;;3969;241;;;;;3968.0;0.0
3;107200;STRAWBERRIES;3966;264;;;;;3968;264;;;;;3967.0;0.0
3;107300;STRAWBERRIES;3966;195;;;;;3968;195;;;;;3967.0;0.0
3;107400;STRAWBERRIES;3967;72;3966.0;149.0;;;3968;216;;;;;3967.0;0.0
3;107500;STRAWBERRIES;3966;231;;;;;3968;231;;;;;3967.0;0.0
3;107600;STRAWBERRIES;3966;203;;;;;3968;203;;;;;3967.0;0.0
3;107700;STRAWBERRIES;3966;226;;;;;3968;226;;;;;3967.0;0.0
3;107800;STRAWBERRIES;3966;207;;;;;3968;207;;;;;3967.0;0.0
3;107900;STRAWBERRIES;3966;164;;;;;3968;164;;;;;3967.0;0.0
3;108000;STRAWBERRIES;3967;220;;;;;3968;229;;;;;3967.5;0.0
3;108100;STRAWBERRIES;3967;256;;;;;3968;256;;;;;3967.5;0.0
3;108200;STRAWBERRIES;3967;220;;;;;3969;220;;;;;3968.0;0.0
3;108300;STRAWBERRIES;3967;56;3966.0;185.0;;;3968;241;;;;;3967.0;0.0
3;108400;STRAWBERRIES;3967;209;;;;;3968;209;;;;;3967.5;0.0
3;108500;STRAWBERRIES;3967;220;;;;;3969;220;;;;;3968.0;0.0
3;108600;STRAWBERRIES;3968;253;;;;;3969;79;3970.0;174.0;;;3969.0;0.0
3;108700;STRAWBERRIES;3968;253;;;;;3970;253;;;;;3969.0;0.0
3;108800;STRAWBERRIES;3968;245;;;;;3970;245;;;;;3969.0;0.0
3;108900;STRAWBERRIES;3968;216;;;;;3970;216;;;;;3969.0;0.0
3;109000;STRAWBERRIES;3968;252;;;;;3970;252;;;;;3969.0;0.0
3;109100;STRAWBERRIES;3969;60;3968.0;108.0;;;3970;168;;;;;3969.0;0.0
3;109200;STRAWBERRIES;3968;95;3967.0;169.0;;;3969;256;;;;;3968.0;0.0
3;109300;STRAWBERRIES;3967;259;;;;;3968;88;3969.0;171.0;;;3968.0;0.0
3;109400;STRAWBERRIES;3967;171;;;;;3968;171;;;;;3967.5;0.0
3;109500;STRAWBERRIES;3967;235;;;;;3968;66;3969.0;172.0;;;3968.0;0.0
3;109600;STRAWBERRIES;3968;55;3967.0;173.0;;;3969;228;;;;;3968.0;0.0
3;109700;STRAWBERRIES;3968;191;;;;;3969;191;;;;;3968.5;0.0
3;109800;STRAWBERRIES;3968;258;;;;;3969;68;3970.0;178.0;;;3969.0;0.0
3;109900;STRAWBERRIES;3968;226;;;;;3969;226;;;;;3968.5;0.0
3;110000;STRAWBERRIES;3968;192;;;;;3970;192;;;;;3969.0;0.0
3;110100;STRAWBERRIES;3968;230;;;;;3970;230;;;;;3969.0;0.0
3;110200;STRAWBERRIES;3969;213;;;;;3970;213;;;;;3969.5;0.0
3;110300;STRAWBERRIES;3969;204;;;;;3970;92;3971.0;112.0;;;3970.0;0.0
3;110400;STRAWBERRIES;3969;100;3968.0;112.0;;;3970;201;;;;;3969.0;0.0
3;110500;STRAWBERRIES;3968;170;;;;;3970;170;;;;;3969.0;0.0
3;110600;STRAWBERRIES;3968;221;;;;;3970;221;;;;;3969.0;0.0
3;110700;STRAWBERRIES;3969;210;;;;;3970;52;3971.0;158.0;;;3970.0;0.0
3;110800;STRAWBERRIES;3969;187;;;;;3970;187;;;;;3969.5;0.0
3;110900;STRAWBERRIES;3968;221;;;;;3970;221;;;;;3969.0;0.0
3;111000;STRAWBERRIES;3969;195;;;;;3970;195;;;;;3969.5;0.0
3;111100;STRAWBERRIES;3969;195;;;;;3970;195;;;;;3969.5;0.0
3;111200;STRAWBERRIES;3969;216;;;;;3970;92;3971.0;124.0;;;3970.0;0.0
3;111300;STRAWBERRIES;3970;86;3969.0;130.0;;;3971;216;;;;;3970.0;0.0
3;111400;STRAWBERRIES;3970;10;3969.0;184.0;;;3971;184;;;;;3970.0;0.0
3;111500;STRAWBERRIES;3970;233;;;;;3971;79;3972.0;154.0;;;3971.0;0.0
3;111600;STRAWBERRIES;3970;86;3969.0;122.0;;;3971;208;;;;;3970.0;0.0
3;111700;STRAWBERRIES;3970;84;3969.0;182.0;;;3971;258;;;;;3970.0;0.0
3;111800;STRAWBERRIES;3970;226;;;;;3971;86;3972.0;145.0;;;3971.0;0.0
3;111900;STRAWBERRIES;3970;205;;;;;3971;80;3972.0;125.0;;;3971.0;0.0
3;112000;STRAWBERRIES;3970;167;;;;;3971;167;;;;;3970.5;0.0
3;112100;STRAWBERRIES;3969;214;;;;;3971;214;;;;;3970.0;0.0
3;112200;STRAWBERRIES;3970;98;3969.0;174.0;;;3971;272;;;;;3970.0;0.0
3;112300;STRAWBERRIES;3969;224;;;;;3971;224;;;;;3970.0;0.0
3;112400;STRAWBERRIES;3969;239;;;;;3971;239;;;;;3970.0;0.0
3;112500;STRAWBERRIES;3970;257;;;;;3971;257;;;;;3970.5;0.0
3;112600;STRAWBERRIES;3971;62;3970.0;117.0;;;3972;179;;;;;3971.0;0.0
3;112700;STRAWBERRIES;3970;171;;;;;3971;3;3972.0;171.0;;;3971.0;0.0
3;112800;STRAWBERRIES;3970;237;;;;;3971;237;;;;;3970.5;0.0
3;112900;STRAWBERRIES;3970;238;;;;;3971;238;;;;;3970.5;0.0
3;113000;STRAWBERRIES;3970;226;;;;;3971;72;3972.0;154.0;;;3971.0;0.0
3;113100;STRAWBERRIES;3970;254;;;;;3971;254;;;;;3970.5;0.0
3;113200;STRAWBERRIES;3970;174;;;;;3971;174;;;;;3970.5;0.0
3;113300;STRAWBERRIES;3970;251;;;;;3971;78;3972.0;173.0;;;3971.0;0.0
3;113400;STRAWBERRIES;3970;235;;;;;3971;235;;;;;3970.5;0.0
3;113500;STRAWBERRIES;3970;239;;;;;3971;84;3972.0;155.0;;;3971.0;0.0
3;113600;STRAWBERRIES;3970;253;;;;;3971;56;3972.0;197.0;;;3971.0;0.0
3;113700;STRAWBERRIES;3970;189;;;;;3971;189;;;;;3970.5;0.0
3;113800;STRAWBERRIES;3970;195;;;;;3971;195;;;;;3970.5;0.0
3;113900;STRAWBERRIES;3970;11;3969.0;175.0;;;3971;175;;;;;3970.0;0.0
3;114000;STRAWBERRIES;3970;201;;;;;3971;62;3972.0;139.0;;;3971.0;0.0
3;114100;STRAWBERRIES;3970;236;;;;;3971;236;;;;;3970.5;0.0
3;114200;STRAWBERRIES;3970;180;;;;;3971;78;3972.0;102.0;;;3971.0;0.0
3;114300;STRAWBERRIES;3970;161;;;;;3972;161;;;;;3971.0;0.0
3;114400;STRAWBERRIES;3970;209;;;;;3971;209;;;;;3970.5;0.0
3;114500;STRAWBERRIES;3970;257;;;;;3971;257;;;;;3970.5;0.0
3;114600;STRAWBERRIES;3970;10;3969.0;160.0;;;3971;160;;;;;3970.0;0.0
3;114700;STRAWBERRIES;3970;250;;;;;3971;250;;;;;3970.5;0.0
3;114800;STRAWBERRIES;3970;219;;;;;3972;219;;;;;3971.0;0.0
3;114900;STRAWBERRIES;3970;203;;;;;3971;74;3972.0;129.0;;;3971.0;0.0
3;115000;STRAWBERRIES;3970;204;;;;;3972;204;;;;;3971.0;0.0
3;115100;STRAWBERRIES;3970;216;;;;;3972;216;;;;;3971.0;0.0
3;115200;STRAWBERRIES;3970;253;;;;;3971;86;3972.0;167.0;;;3971.0;0.0
3;115300;STRAWBERRIES;3971;53;3970.0;136.0;;;3972;189;;;;;3971.0;0.0
3;115400;STRAWBERRIES;3971;89;3970.0;119.0;;;3972;208;;;;;3971.0;0.0
3;115500;STRAWBERRIES;3971;206;;;;;3973;206;;;;;3972.0;0.0
3;115600;STRAWBERRIES;3972;285;;;;;3973;285;;;;;3972.5;0.0
3;115700;STRAWBERRIES;3972;239;;;;;3973;250;;;;;3972.5;0.0
3;115800;STRAWBERRIES;3972;193;;;;;3973;193;;;;;3972.5;0.0
3;115900;STRAWBERRIES;3972;284;;;;;3974;284;;;;;3973.0;0.0
3;116000;STRAWBERRIES;3973;86;3972.0;138.0;;;3974;224;;;;;3973.0;0.0
3;116100;STRAWBERRIES;3972;236;;;;;3974;236;;;;;3973.0;0.0
3;116200;STRAWBERRIES;3972;254;;;;;3974;254;;;;;3973.0;0.0
3;116300;STRAWBERRIES;3972;210;;;;;3974;210;;;;;3973.0;0.0
3;116400;STRAWBERRIES;3972;205;;;;;3974;205;;;;;3973.0;0.0
3;116500;STRAWBERRIES;3972;263;;;;;3973;97;3974.0;166.0;;;3973.0;0.0
3;116600;STRAWBERRIES;3972;170;;;;;3974;167;;;;;3973.0;0.0
3;116700;STRAWBERRIES;3972;85;3971.0;172.0;;;3973;257;;;;;3972.0;0.0
3;116800;STRAWBERRIES;3972;70;3971.0;200.0;;;3973;280;;;;;3972.0;0.0
3;116900;STRAWBERRIES;3972;69;3971.0;126.0;;;3973;195;;;;;3972.0;0.0
3;117000;STRAWBERRIES;3971;278;;;;;3972;86;3973.0;192.0;;;3972.0;0.0
3;117100;STRAWBERRIES;3971;59;3970.0;106.0;;;3972;165;;;;;3971.0;0.0
3;117200;STRAWBERRIES;3971;224;;;;;3973;224;;;;;3972.0;0.0
3;117300;STRAWBERRIES;3971;235;;;;;3972;67;3973.0;168.0;;;3972.0;0.0
3;117400;STRAWBERRIES;3971;55;3970.0;142.0;;;3972;197;;;;;3971.0;0.0
3;117500;STRAWBERRIES;3970;208;;;;;3972;208;;;;;3971.0;0.0
3;117600;STRAWBERRIES;3970;202;;;;;3972;202;;;;;3971.0;0.0
3;117700;STRAWBERRIES;3970;243;;;;;3971;52;3972.0;191.0;;;3971.0;0.0
3;117800;STRAWBERRIES;3970;209;;;;;3972;209;;;;;3971.0;0.0
3;117900;STRAWBERRIES;3971;272;;;;;3973;272;;;;;3972.0;0.0
3;118000;STRAWBERRIES;3971;281;;;;;3973;281;;;;;3972.0;0.0
3;118100;STRAWBERRIES;3971;176;;;;;3973;176;;;;;3972.0;0.0
3;118200;STRAWBERRIES;3972;178;;;;;3973;61;3974.0;117.0;;;3973.0;0.0
3;118300;STRAWBERRIES;3972;56;3971.0;119.0;;;3973;175;;;;;3972.0;0.0
3;118400;STRAWBERRIES;3971;208;;;;;3973;208;;;;;3972.0;0.0
3;118500;STRAWBERRIES;3972;189;;;;;3973;189;;;;;3972.5;0.0
3;118600;STRAWBERRIES;3972;267;;;;;3974;267;;;;;3973.0;0.0
3;118700;STRAWBERRIES;3972;232;;;;;3974;232;;;;;3973.0;0.0
3;118800;STRAWBERRIES;3972;195;;;;;3974;195;;;;;3973.0;0.0
3;118900;STRAWBERRIES;3972;202;;;;;3974;202;;;;;3973.0;0.0
3;119000;STRAWBERRIES;3972;195;;;;;3974;195;;;;;3973.0;0.0
3;119100;STRAWBERRIES;3972;257;;;;;3974;257;;;;;3973.0;0.0
3;119200;STRAWBERRIES;3972;212;;;;;3974;212;;;;;3973.0;0.0
3;119300;STRAWBERRIES;3972;236;;;;;3973;239;;;;;3972.5;0.0
3;119400;STRAWBERRIES;3972;287;;;;;3973;287;;;;;3972.5;0.0
3;119500;STRAWBERRIES;3972;73;3971.0;168.0;;;3973;241;;;;;3972.0;0.0
3;119600;STRAWBERRIES;3971;247;;;;;3973;247;;;;;3972.0;0.0
3;119700;STRAWBERRIES;3971;257;;;;;3973;257;;;;;3972.0;0.0
3;119800;STRAWBERRIES;3971;238;;;;;3972;53;3973.0;185.0;;;3972.0;0.0
3;119900;STRAWBERRIES;3971;168;;;;;3973;168;;;;;3972.0;0.0
3;120000;STRAWBERRIES;3971;221;;;;;3973;221;;;;;3972.0;0.0
3;120100;STRAWBERRIES;3971;63;3970.0;126.0;;;3972;189;;;;;3971.0;0.0
3;120200;STRAWBERRIES;3970;209;;;;;3971;209;;;;;3970.5;0.0
3;120300;STRAWBERRIES;3970;222;;;;;3971;222;;;;;3970.5;0.0
3;120400;STRAWBERRIES;3970;50;3969.0;138.0;;;3971;188;;;;;3970.0;0.0
3;120500;STRAWBERRIES;3970;92;3969.0;127.0;;;3971;215;;;;;3970.0;0.0
3;120600;STRAWBERRIES;3970;61;3969.0;179.0;;;3971;243;;;;;3970.0;0.0
3;120700;STRAWBERRIES;3971;88;3970.0;175.0;;;3972;263;;;;;3971.0;0.0
3;120800;STRAWBERRIES;3971;236;;;;;3972;236;;;;;3971.5;0.0
3;120900;STRAWBERRIES;3972;56;3971.0;145.0;;;3973;201;;;;;3972.0;0.0
3;121000;STRAWBERRIES;3971;295;;;;;3973;295;;;;;3972.0;0.0
3;121100;STRAWBERRIES;3971;204;;;;;3973;204;;;;;3972.0;0.0
3;121200;STRAWBERRIES;3972;267;;;;;3973;70;3974.0;200.0;;;3973.0;0.0
3;121300;STRAWBERRIES;3972;280;;;;;3973;280;;;;;3972.5;0.0
3;121400;STRAWBERRIES;3972;236;;;;;3973;236;;;;;3972.5;0.0
3;121500;STRAWBERRIES;3972;60;3971.0;193.0;;;3973;253;;;;;3972.0;0.0
3;121600;STRAWBERRIES;3972;217;;;;;3973;217;;;;;3972.5;0.0
3;121700;STRAWBERRIES;3972;250;;;;;3973;99;3974.0;151.0;;;3973.0;0.0
3;121800;STRAWBERRIES;3972;210;;;;;3973;210;;;;;3972.5;0.0
3;121900;STRAWBERRIES;3972;217;;;;;3973;70;3974.0;147.0;;;3973.0;0.0
3;122000;STRAWBERRIES;3972;87;3971.0;158.0;;;3973;245;;;;;3972.0;0.0
3;122100;STRAWBERRIES;3972;84;3971.0;140.0;;;3973;224;;;;;3972.0;0.0
3;122200;STRAWBERRIES;3972;73;3971.0;153.0;;;3973;226;;;;;3972.0;0.0
3;122300;STRAWBERRIES;3971;228;;;;;3973;232;;;;;3972.0;0.0
3;122400;STRAWBERRIES;3971;203;;;;;3973;203;;;;;3972.0;0.0
3;122500;STRAWBERRIES;3971;219;;;;;3973;219;;;;;3972.0;0.0
3;122600;STRAWBERRIES;3971;180;;;;;3972;180;;;;;3971.5;0.0
3;122700;STRAWBERRIES;3971;175;;;;;3972;175;;;;;3971.5;0.0
3;122800;STRAWBERRIES;3972;64;3971.0;116.0;;;3973;180;;;;;3972.0;0.0
3;122900;STRAWBERRIES;3972;257;;;;;3974;257;;;;;3973.0;0.0
3;123000;STRAWBERRIES;3973;230;;;;;3974;230;;;;;3973.5;0.0
3;123100;STRAWBERRIES;3972;191;;;;;3974;191;;;;;3973.0;0.0
3;123200;STRAWBERRIES;3972;251;;;;;3973;52;3974.0;199.0;;;3973.0;0.0
3;123300;STRAWBERRIES;3972;276;;;;;3973;276;;;;;3972.5;0.0
3;123400;STRAWBERRIES;3972;208;;;;;3974;208;;;;;3973.0;0.0
3;123500;STRAWBERRIES;3972;179;;;;;3974;179;;;;;3973.0;0.0
3;123600;STRAWBERRIES;3973;81;3972.0;166.0;;;3974;257;;;;;3973.0;0.0
3;123700;STRAWBERRIES;3972;211;;;;;3974;211;;;;;3973.0;0.0
3;123800;STRAWBERRIES;3973;84;3972.0;135.0;;;3974;219;;;;;3973.0;0.0
3;123900;STRAWBERRIES;3973;257;;;;;3974;257;;;;;3973.5;0.0
3;124000;STRAWBERRIES;3973;190;;;;;3974;190;;;;;3973.5;0.0
3;124100;STRAWBERRIES;3973;207;;;;;3974;86;3975.0;121.0;;;3974.0;0.0
3;124200;STRAWBERRIES;3972;224;;;;;3974;224;;;;;3973.0;0.0
3;124300;STRAWBERRIES;3972;255;;;;;3973;56;3974.0;199.0;;;3973.0;0.0
3;124400;STRAWBERRIES;3972;175;;;;;3973;175;;;;;3972.5;0.0
3;124500;STRAWBERRIES;3971;274;;;;;3973;274;;;;;3972.0;0.0
3;124600;STRAWBERRIES;3971;210;;;;;3972;93;3973.0;117.0;;;3972.0;0.0
3;124700;STRAWBERRIES;3971;262;;;;;3972;85;3973.0;177.0;;;3972.0;0.0
3;124800;STRAWBERRIES;3971;284;;;;;3972;284;;;;;3971.5;0.0
3;124900;STRAWBERRIES;3971;233;;;;;3972;233;;;;;3971.5;0.0
3;125000;STRAWBERRIES;3972;9;3971.0;252.0;;;3973;252;;;;;3972.0;0.0
3;125100;STRAWBERRIES;3971;190;;;;;3973;190;;;;;3972.0;0.0
3;125200;STRAWBERRIES;3972;206;;;;;3973;206;;;;;3972.5;0.0
3;125300;STRAWBERRIES;3971;241;;;;;3973;241;;;;;3972.0;0.0
3;125400;STRAWBERRIES;3971;293;;;;;3973;293;;;;;3972.0;0.0
3;125500;STRAWBERRIES;3971;274;;;;;3972;274;;;;;3971.5;0.0
3;125600;STRAWBERRIES;3971;204;;;;;3972;87;3973.0;117.0;;;3972.0;0.0
3;125700;STRAWBERRIES;3971;209;;;;;3973;209;;;;;3972.0;0.0
3;125800;STRAWBERRIES;3971;271;;;;;3972;93;3973.0;178.0;;;3972.0;0.0
3;125900;STRAWBERRIES;3971;196;;;;;3973;196;;;;;3972.0;0.0
3;126000;STRAWBERRIES;3972;98;3971.0;148.0;;;3973;246;;;;;3972.0;0.0
3;126100;STRAWBERRIES;3971;206;;;;;3973;206;;;;;3972.0;0.0
3;126200;STRAWBERRIES;3971;243;;;;;3973;243;;;;;3972.0;0.0
3;126300;STRAWBERRIES;3971;183;;;;;3973;183;;;;;3972.0;0.0
3;126400;STRAWBERRIES;3971;210;;;;;3973;210;;;;;3972.0;0.0
3;126500;STRAWBERRIES;3970;192;;;;;3972;192;;;;;3971.0;0.0
3;126600;STRAWBERRIES;3971;196;;;;;3972;79;3973.0;117.0;;;3972.0;0.0
3;126700;STRAWBERRIES;3971;206;;;;;3973;206;;;;;3972.0;0.0
3;126800;STRAWBERRIES;3972;60;3971.0;166.0;;;3973;226;;;;;3972.0;0.0
3;126900;STRAWBERRIES;3971;269;;;;;3973;274;;;;;3972.0;0.0
3;127000;STRAWBERRIES;3971;161;;;;;3972;58;3973.0;103.0;;;3972.0;0.0
3;127100;STRAWBERRIES;3971;55;3970.0;154.0;;;3972;209;;;;;3971.0;0.0
3;127200;STRAWBERRIES;3970;197;;;;;3972;197;;;;;3971.0;0.0
3;127300;STRAWBERRIES;3970;172;;;;;3972;172;;;;;3971.0;0.0
3;127400;STRAWBERRIES;3971;184;;;;;3972;184;;;;;3971.5;0.0
3;127500;STRAWBERRIES;3971;57;3970.0;195.0;;;3972;252;;;;;3971.0;0.0
3;127600;STRAWBERRIES;3971;84;3970.0;148.0;;;3972;232;;;;;3971.0;0.0
3;127700;STRAWBERRIES;3970;172;;;;;3972;172;;;;;3971.0;0.0
3;127800;STRAWBERRIES;3970;246;;;;;3971;99;3972.0;147.0;;;3971.0;0.0
3;127900;STRAWBERRIES;3970;189;;;;;3971;189;;;;;3970.5;0.0
3;128000;STRAWBERRIES;3969;262;;;;;3971;262;;;;;3970.0;0.0
3;128100;STRAWBERRIES;3970;284;;;;;3971;284;;;;;3970.5;0.0
3;128200;STRAWBERRIES;3970;217;;;;;3971;217;;;;;3970.5;0.0
3;128300;STRAWBERRIES;3969;198;;;;;3971;198;;;;;3970.0;0.0
3;128400;STRAWBERRIES;3969;237;;;;;3971;237;;;;;3970.0;0.0
3;128500;STRAWBERRIES;3969;196;;;;;3971;196;;;;;3970.0;0.0
3;128600;STRAWBERRIES;3969;200;;;;;3970;90;3971.0;110.0;;;3970.0;0.0
3;128700;STRAWBERRIES;3970;77;3969.0;146.0;;;3971;223;;;;;3970.0;0.0
3;128800;STRAWBERRIES;3969;274;;;;;3970;93;3971.0;181.0;;;3970.0;0.0
3;128900;STRAWBERRIES;3969;193;;;;;3971;193;;;;;3970.0;0.0
3;129000;STRAWBERRIES;3970;70;3969.0;146.0;;;3971;216;;;;;3970.0;0.0
3;129100;STRAWBERRIES;3970;236;;;;;3971;236;;;;;3970.5;0.0
3;129200;STRAWBERRIES;3969;290;;;;;3971;290;;;;;3970.0;0.0
3;129300;STRAWBERRIES;3969;160;;;;;3971;160;;;;;3970.0;0.0
3;129400;STRAWBERRIES;3969;257;;;;;3971;257;;;;;3970.0;0.0
3;129500;STRAWBERRIES;3970;179;;;;;3971;69;3972.0;110.0;;;3971.0;0.0
3;129600;STRAWBERRIES;3970;246;;;;;3971;51;3972.0;195.0;;;3971.0;0.0
3;129700;STRAWBERRIES;3970;276;;;;;3971;78;3972.0;198.0;;;3971.0;0.0
3;129800;STRAWBERRIES;3970;209;;;;;3971;80;3972.0;129.0;;;3971.0;0.0
3;129900;STRAWBERRIES;3970;216;;;;;3971;216;;;;;3970.5;0.0
3;130000;STRAWBERRIES;3969;280;;;;;3971;280;;;;;3970.0;0.0
3;130100;STRAWBERRIES;3970;202;;;;;3972;202;;;;;3971.0;0.0
3;130200;STRAWBERRIES;3970;50;3969.0;160.0;;;3971;210;;;;;3970.0;0.0
3;130300;STRAWBERRIES;3970;232;;;;;3971;232;;;;;3970.5;0.0
3;130400;STRAWBERRIES;3970;256;;;;;3971;256;;;;;3970.5;0.0
3;130500;STRAWBERRIES;3971;59;3970.0;161.0;;;3972;220;;;;;3971.0;0.0
3;130600;STRAWBERRIES;3971;226;;;;;3972;226;;;;;3971.5;0.0
3;130700;STRAWBERRIES;3971;267;;;;;3972;96;3973.0;171.0;;;3972.0;0.0
3;130800;STRAWBERRIES;3971;241;;;;;3973;241;;;;;3972.0;0.0
3;130900;STRAWBERRIES;3971;269;;;;;3972;83;3973.0;186.0;;;3972.0;0.0
3;131000;STRAWBERRIES;3971;178;;;;;3973;178;;;;;3972.0;0.0
3;131100;STRAWBERRIES;3971;210;;;;;3972;210;;;;;3971.5;0.0
3;131200;STRAWBERRIES;3970;194;;;;;3972;194;;;;;3971.0;0.0
3;131300;STRAWBERRIES;3970;242;;;;;3972;242;;;;;3971.0;0.0
3;131400;STRAWBERRIES;3970;194;;;;;3972;194;;;;;3971.0;0.0
3;131500;STRAWBERRIES;3971;81;3970.0;104.0;;;3972;185;;;;;3971.0;0.0
3;131600;STRAWBERRIES;3971;220;;;;;3972;220;;;;;3971.5;0.0
3;131700;STRAWBERRIES;3971;244;;;;;3972;73;3973.0;171.0;;;3972.0;0.0
3;131800;STRAWBERRIES;3971;248;;;;;3972;70;3973.0;186.0;;;3972.0;0.0
3;131900;STRAWBERRIES;3971;235;;;;;3972;67;3973.0;168.0;;;3972.0;0.0
3;132000;STRAWBERRIES;3970;233;;;;;3972;233;;;;;3971.0;0.0
3;132100;STRAWBERRIES;3970;213;;;;;3971;213;;;;;3970.5;0.0
3;132200;STRAWBERRIES;3970;234;;;;;3971;84;3972.0;150.0;;;3971.0;0.0
3;132300;STRAWBERRIES;3970;73;3969.0;191.0;;;3971;264;;;;;3970.0;0.0
3;132400;STRAWBERRIES;3970;261;;;;;3972;261;;;;;3971.0;0.0
3;132500;STRAWBERRIES;3971;97;3970.0;175.0;;;3972;272;;;;;3971.0;0.0
3;132600;STRAWBERRIES;3971;177;;;;;3973;177;;;;;3972.0;0.0
3;132700;STRAWBERRIES;3972;60;3971.0;143.0;;;3973;203;;;;;3972.0;0.0
3;132800;STRAWBERRIES;3971;215;;;;;3973;215;;;;;3972.0;0.0
3;132900;STRAWBERRIES;3971;200;;;;;3973;200;;;;;3972.0;0.0
3;133000;STRAWBERRIES;3972;237;;;;;3973;77;3974.0;160.0;;;3973.0;0.0
3;133100;STRAWBERRIES;3972;222;;;;;3974;222;;;;;3973.0;0.0
3;133200;STRAWBERRIES;3972;232;;;;;3973;58;3974.0;174.0;;;3973.0;0.0
3;133300;STRAWBERRIES;3972;286;;;;;3973;286;;;;;3972.5;0.0
3;133400;STRAWBERRIES;3972;246;;;;;3973;54;3974.0;192.0;;;3973.0;0.0
3;133500;STRAWBERRIES;3972;209;;;;;3973;209;;;;;3972.5;0.0
3;133600;STRAWBERRIES;3972;60;3971.0;167.0;;;3973;227;;;;;3972.0;0.0
3;133700;STRAWBERRIES;3972;229;;;;;3973;229;;;;;3972.5;0.0
3;133800;STRAWBERRIES;3972;55;3971.0;180.0;;;3973;235;;;;;3972.0;0.0
3;133900;STRAWBERRIES;3971;255;;;;;3972;252;;;;;3971.5;0.0
3;134000;STRAWBERRIES;3971;178;;;;;3972;12;3973.0;178.0;;;3972.0;0.0
3;134100;STRAWBERRIES;3972;65;3971.0;117.0;;;3973;182;;;;;3972.0;0.0
3;134200;STRAWBERRIES;3971;210;;;;;3973;210;;;;;3972.0;0.0
3;134300;STRAWBERRIES;3971;251;;;;;3973;251;;;;;3972.0;0.0
3;134400;STRAWBERRIES;3972;100;3971.0;171.0;;;3973;271;;;;;3972.0;0.0
3;134500;STRAWBERRIES;3971;193;;;;;3973;193;;;;;3972.0;0.0
3;134600;STRAWBERRIES;3971;245;;;;;3972;245;;;;;3971.5;0.0
3;134700;STRAWBERRIES;3971;221;;;;;3972;214;;;;;3971.5;0.0
3;134800;STRAWBERRIES;3971;49;3970.0;135.0;;;3972;190;;;;;3971.0;0.0
3;134900;STRAWBERRIES;3971;58;3970.0;118.0;;;3972;176;;;;;3971.0;0.0
3;135000;STRAWBERRIES;3971;204;;;;;3973;209;;;;;3972.0;0.0
3;135100;STRAWBERRIES;3972;56;3971.0;109.0;;;3973;165;;;;;3972.0;0.0
3;135200;STRAWBERRIES;3972;212;;;;;3973;212;;;;;3972.5;0.0
3;135300;STRAWBERRIES;3972;154;;;;;3973;154;;;;;3972.5;0.0
3;135400;STRAWBERRIES;3972;228;;;;;3973;81;3974.0;147.0;;;3973.0;0.0
3;135500;STRAWBERRIES;3972;181;;;;;3973;181;;;;;3972.5;0.0
3;135600;STRAWBERRIES;3971;174;;;;;3973;178;;;;;3972.0;0.0
3;135700;STRAWBERRIES;3971;73;3970.0;195.0;;;3972;268;;;;;3971.0;0.0
3;135800;STRAWBERRIES;3971;249;;;;;3972;249;;;;;3971.5;0.0
3;135900;STRAWBERRIES;3971;234;;;;;3972;55;3973.0;179.0;;;3972.0;0.0
3;136000;STRAWBERRIES;3971;185;;;;;3972;50;3973.0;135.0;;;3972.0;0.0
3;136100;STRAWBERRIES;3971;77;3970.0;128.0;;;3972;205;;;;;3971.0;0.0
3;136200;STRAWBERRIES;3971;239;;;;;3972;53;3973.0;186.0;;;3972.0;0.0
3;136300;STRAWBERRIES;3972;59;3971.0;174.0;;;3973;233;;;;;3972.0;0.0
3;136400;STRAWBERRIES;3972;178;;;;;3973;178;;;;;3972.5;0.0
3;136500;STRAWBERRIES;3973;84;3972.0;114.0;;;3974;198;;;;;3973.0;0.0
3;136600;STRAWBERRIES;3972;197;;;;;3974;197;;;;;3973.0;0.0
3;136700;STRAWBERRIES;3972;253;;;;;3973;253;;;;;3972.5;0.0
3;136800;STRAWBERRIES;3972;252;;;;;3973;252;;;;;3972.5;0.0
3;136900;STRAWBERRIES;3971;290;;;;;3973;290;;;;;3972.0;0.0
3;137000;STRAWBERRIES;3971;191;;;;;3973;191;;;;;3972.0;0.0
3;137100;STRAWBERRIES;3971;191;;;;;3973;191;;;;;3972.0;0.0
3;137200;STRAWBERRIES;3971;205;;;;;3973;205;;;;;3972.0;0.0
3;137300;STRAWBERRIES;3971;240;;;;;3972;12;3973.0;240.0;;;3972.0;0.0
3;137400;STRAWBERRIES;3971;205;;;;;3973;205;;;;;3972.0;0.0
3;137500;STRAWBERRIES;3971;239;;;;;3972;239;;;;;3971.5;0.0
3;137600;STRAWBERRIES;3971;267;;;;;3972;73;3973.0;194.0;;;3972.0;0.0
3;137700;STRAWBERRIES;3971;231;;;;;3973;234;;;;;3972.0;0.0
3;137800;STRAWBERRIES;3971;261;;;;;3973;273;;;;;3972.0;0.0
3;137900;STRAWBERRIES;3971;226;;;;;3973;226;;;;;3972.0;0.0
3;138000;STRAWBERRIES;3971;225;;;;;3973;225;;;;;3972.0;0.0
3;138100;STRAWBERRIES;3972;180;;;;;3973;180;;;;;3972.5;0.0
3;138200;STRAWBERRIES;3971;192;;;;;3973;192;;;;;3972.0;0.0
3;138300;STRAWBERRIES;3971;270;;;;;3972;79;3973.0;191.0;;;3972.0;0.0
3;138400;STRAWBERRIES;3971;195;;;;;3972;195;;;;;3971.5;0.0
3;138500;STRAWBERRIES;3971;170;;;;;3973;170;;;;;3972.0;0.0
3;138600;STRAWBERRIES;3971;271;;;;;3972;91;3973.0;180.0;;;3972.0;0.0
3;138700;STRAWBERRIES;3971;202;;;;;3972;67;3973.0;135.0;;;3972.0;0.0
3;138800;STRAWBERRIES;3971;156;;;;;3972;50;3973.0;106.0;;;3972.0;0.0
3;138900;STRAWBERRIES;3971;213;;;;;3973;213;;;;;3972.0;0.0
3;139000;STRAWBERRIES;3971;258;;;;;3973;258;;;;;3972.0;0.0
3;139100;STRAWBERRIES;3971;96;3970.0;105.0;;;3972;201;;;;;3971.0;0.0
3;139200;STRAWBERRIES;3971;256;;;;;3972;256;;;;;3971.5;0.0
3;139300;STRAWBERRIES;3970;232;;;;;3972;232;;;;;3971.0;0.0
3;139400;STRAWBERRIES;3971;93;3970.0;170.0;;;3972;263;;;;;3971.0;0.0
3;139500;STRAWBERRIES;3970;203;;;;;3972;203;;;;;3971.0;0.0
3;139600;STRAWBERRIES;3971;201;;;;;3972;201;;;;;3971.5;0.0
3;139700;STRAWBERRIES;3971;214;;;;;3972;214;;;;;3971.5;0.0
3;139800;STRAWBERRIES;3970;216;;;;;3972;216;;;;;3971.0;0.0
3;139900;STRAWBERRIES;3970;258;;;;;3971;248;;;;;3970.5;0.0
3;140000;STRAWBERRIES;3970;263;;;;;3972;263;;;;;3971.0;0.0
3;140100;STRAWBERRIES;3970;240;;;;;3972;240;;;;;3971.0;0.0
3;140200;STRAWBERRIES;3970;252;;;;;3972;252;;;;;3971.0;0.0
3;140300;STRAWBERRIES;3970;291;;;;;3971;96;3972.0;195.0;;;3971.0;0.0
3;140400;STRAWBERRIES;3970;272;;;;;3972;272;;;;;3971.0;0.0
3;140500;STRAWBERRIES;3971;279;;;;;3972;86;3973.0;193.0;;;3972.0;0.0
3;140600;STRAWBERRIES;3971;231;;;;;3973;231;;;;;3972.0;0.0
3;140700;STRAWBERRIES;3971;267;;;;;3973;267;;;;;3972.0;0.0
3;140800;STRAWBERRIES;3971;231;;;;;3972;231;;;;;3971.5;0.0
3;140900;STRAWBERRIES;3970;181;;;;;3971;181;;;;;3970.5;0.0
3;141000;STRAWBERRIES;3970;251;;;;;3971;80;3972.0;171.0;;;3971.0;0.0
3;141100;STRAWBERRIES;3970;195;;;;;3971;92;3972.0;103.0;;;3971.0;0.0
3;141200;STRAWBERRIES;3971;54;3970.0;161.0;;;3972;215;;;;;3971.0;0.0
3;141300;STRAWBERRIES;3971;84;3970.0;121.0;;;3972;205;;;;;3971.0;0.0
3;141400;STRAWBERRIES;3971;269;;;;;3972;76;3973.0;193.0;;;3972.0;0.0
3;141500;STRAWBERRIES;3971;226;;;;;3972;50;3973.0;184.0;;;3972.0;0.0
3;141600;STRAWBERRIES;3971;197;;;;;3973;197;;;;;3972.0;0.0
3;141700;STRAWBERRIES;3971;81;3970.0;101.0;;;3972;182;;;;;3971.0;0.0
3;141800;STRAWBERRIES;3971;235;;;;;3972;235;;;;;3971.5;0.0
3;141900;STRAWBERRIES;3970;292;;;;;3972;292;;;;;3971.0;0.0
3;142000;STRAWBERRIES;3970;205;;;;;3972;205;;;;;3971.0;0.0
3;142100;STRAWBERRIES;3970;220;;;;;3972;220;;;;;3971.0;0.0
3;142200;STRAWBERRIES;3970;298;;;;;3972;298;;;;;3971.0;0.0
3;142300;STRAWBERRIES;3970;213;;;;;3971;97;3972.0;116.0;;;3971.0;0.0
3;142400;STRAWBERRIES;3969;272;;;;;3971;272;;;;;3970.0;0.0
3;142500;STRAWBERRIES;3969;248;;;;;3971;248;;;;;3970.0;0.0
3;142600;STRAWBERRIES;3969;193;;;;;3971;193;;;;;3970.0;0.0
3;142700;STRAWBERRIES;3969;215;;;;;3971;215;;;;;3970.0;0.0
3;142800;STRAWBERRIES;3970;193;;;;;3971;92;3972.0;101.0;;;3971.0;0.0
3;142900;STRAWBERRIES;3970;212;;;;;3971;212;;;;;3970.5;0.0
3;143000;STRAWBERRIES;3970;172;;;;;3971;52;3972.0;120.0;;;3971.0;0.0
3;143100;STRAWBERRIES;3970;170;;;;;3971;64;3972.0;102.0;;;3971.0;0.0
3;143200;STRAWBERRIES;3970;171;;;;;3971;61;3972.0;110.0;;;3971.0;0.0
3;143300;STRAWBERRIES;3970;272;;;;;3971;95;3972.0;177.0;;;3971.0;0.0
3;143400;STRAWBERRIES;3970;225;;;;;3971;225;;;;;3970.5;0.0
3;143500;STRAWBERRIES;3970;252;;;;;3971;87;3972.0;160.0;;;3971.0;0.0
3;143600;STRAWBERRIES;3970;282;;;;;3971;95;3972.0;187.0;;;3971.0;0.0
3;143700;STRAWBERRIES;3970;98;3969.0;135.0;;;3971;233;;;;;3970.0;0.0
3;143800;STRAWBERRIES;3969;262;;;;;3970;12;3971.0;262.0;;;3970.0;0.0
3;143900;STRAWBERRIES;3970;73;3969.0;189.0;;;3971;255;;;;;3970.0;0.0
3;144000;STRAWBERRIES;3969;251;;;;;3971;251;;;;;3970.0;0.0
3;144100;STRAWBERRIES;3970;247;;;;;3971;247;;;;;3970.5;0.0
3;144200;STRAWBERRIES;3970;80;3969.0;147.0;;;3971;227;;;;;3970.0;0.0
3;144300;STRAWBERRIES;3969;237;;;;;3970;84;3971.0;153.0;;;3970.0;0.0
3;144400;STRAWBERRIES;3969;254;;;;;3971;254;;;;;3970.0;0.0
3;144500;STRAWBERRIES;3969;248;;;;;3971;248;;;;;3970.0;0.0
3;144600;STRAWBERRIES;3969;278;;;;;3970;278;;;;;3969.5;0.0
3;144700;STRAWBERRIES;3968;222;;;;;3970;222;;;;;3969.0;0.0
3;144800;STRAWBERRIES;3968;235;;;;;3970;225;;;;;3969.0;0.0
3;144900;STRAWBERRIES;3968;100;3967.0;175.0;;;3969;275;;;;;3968.0;0.0
3;145000;STRAWBERRIES;3968;284;;;;;3970;284;;;;;3969.0;0.0
3;145100;STRAWBERRIES;3968;234;;;;;3969;234;;;;;3968.5;0.0
3;145200;STRAWBERRIES;3968;166;;;;;3969;166;;;;;3968.5;0.0
3;145300;STRAWBERRIES;3968;260;;;;;3970;260;;;;;3969.0;0.0
3;145400;STRAWBERRIES;3968;204;;;;;3970;204;;;;;3969.0;0.0
3;145500;STRAWBERRIES;3968;213;;;;;3970;213;;;;;3969.0;0.0
3;145600;STRAWBERRIES;3969;262;;;;;3970;262;;;;;3969.5;0.0
3;145700;STRAWBERRIES;3969;230;;;;;3971;230;;;;;3970.0;0.0
3;145800;STRAWBERRIES;3969;231;;;;;3971;231;;;;;3970.0;0.0
3;145900;STRAWBERRIES;3969;224;;;;;3970;224;;;;;3969.5;0.0
3;146000;STRAWBERRIES;3969;177;;;;;3971;177;;;;;3970.0;0.0
3;146100;STRAWBERRIES;3969;212;;;;;3970;94;3971.0;118.0;;;3970.0;0.0
3;146200;STRAWBERRIES;3969;273;;;;;3971;273;;;;;3970.0;0.0
3;146300;STRAWBERRIES;3969;265;;;;;3970;265;;;;;3969.5;0.0
3;146400;STRAWBERRIES;3969;248;;;;;3970;248;;;;;3969.5;0.0
3;146500;STRAWBERRIES;3969;243;;;;;3970;66;3971.0;177.0;;;3970.0;0.0
3;146600;STRAWBERRIES;3969;215;;;;;3970;83;3971.0;132.0;;;3970.0;0.0
3;146700;STRAWBERRIES;3969;93;3968.0;154.0;;;3970;247;;;;;3969.0;0.0
3;146800;STRAWBERRIES;3968;247;;;;;3970;247;;;;;3969.0;0.0
3;146900;STRAWBERRIES;3969;61;3968.0;104.0;;;3970;165;;;;;3969.0;0.0
3;147000;STRAWBERRIES;3969;208;;;;;3970;208;;;;;3969.5;0.0
3;147100;STRAWBERRIES;3969;221;;;;;3970;77;3971.0;144.0;;;3970.0;0.0
3;147200;STRAWBERRIES;3969;246;;;;;3970;246;;;;;3969.5;0.0
3;147300;STRAWBERRIES;3969;199;;;;;3970;199;;;;;3969.5;0.0
3;147400;STRAWBERRIES;3969;91;3968.0;191.0;;;3970;282;;;;;3969.0;0.0
3;147500;STRAWBERRIES;3969;235;;;;;3970;78;3971.0;157.0;;;3970.0;0.0
3;147600;STRAWBERRIES;3969;273;;;;;3970;273;;;;;3969.5;0.0
3;147700;STRAWBERRIES;3969;228;;;;;3970;70;3971.0;158.0;;;3970.0;0.0
3;147800;STRAWBERRIES;3968;196;;;;;3969;3;3970.0;196.0;;;3969.0;0.0
3;147900;STRAWBERRIES;3967;212;;;;;3969;212;;;;;3968.0;0.0
3;148000;STRAWBERRIES;3967;257;;;;;3969;257;;;;;3968.0;0.0
3;148100;STRAWBERRIES;3967;237;;;;;3969;244;;;;;3968.0;0.0
3;148200;STRAWBERRIES;3967;200;;;;;3969;200;;;;;3968.0;0.0
3;148300;STRAWBERRIES;3967;265;;;;;3969;265;;;;;3968.0;0.0
3;148400;STRAWBERRIES;3968;266;;;;;3970;266;;;;;3969.0;0.0
3;148500;STRAWBERRIES;3969;199;;;;;3970;199;;;;;3969.5;0.0
3;148600;STRAWBERRIES;3969;212;;;;;3971;212;;;;;3970.0;0.0
3;148700;STRAWBERRIES;3970;268;;;;;3971;100;3972.0;168.0;;;3971.0;0.0
3;148800;STRAWBERRIES;3970;223;;;;;3971;223;;;;;3970.5;0.0
3;148900;STRAWBERRIES;3970;220;;;;;3971;90;3972.0;130.0;;;3971.0;0.0
3;149000;STRAWBERRIES;3969;229;;;;;3971;229;;;;;3970.0;0.0
3;149100;STRAWBERRIES;3969;241;;;;;3970;241;;;;;3969.5;0.0
3;149200;STRAWBERRIES;3969;226;;;;;3970;92;3971.0;134.0;;;3970.0;0.0
3;149300;STRAWBERRIES;3968;196;;;;;3970;196;;;;;3969.0;0.0
3;149400;STRAWBERRIES;3969;229;;;;;3970;229;;;;;3969.5;0.0
3;149500;STRAWBERRIES;3969;98;3968.0;106.0;;;3970;204;;;;;3969.0;0.0
3;149600;STRAWBERRIES;3968;257;;;;;3970;257;;;;;3969.0;0.0
3;149700;STRAWBERRIES;3968;274;;;;;3970;274;;;;;3969.0;0.0
3;149800;STRAWBERRIES;3969;12;3968.0;176.0;;;3970;176;;;;;3969.0;0.0
3;149900;STRAWBERRIES;3968;241;;;;;3969;70;3970.0;171.0;;;3969.0;0.0
3;150000;STRAWBERRIES;3968;155;;;;;3969;155;;;;;3968.5;0.0
3;150100;STRAWBERRIES;3967;210;;;;;3969;210;;;;;3968.0;0.0
3;150200;STRAWBERRIES;3968;249;;;;;3969;249;;;;;3968.5;0.0
3;150300;STRAWBERRIES;3968;51;3967.0;192.0;;;3969;243;;;;;3968.0;0.0
3;150400;STRAWBERRIES;3968;211;;;;;3969;97;3970.0;114.0;;;3969.0;0.0
3;150500;STRAWBERRIES;3968;99;3967.0;122.0;;;3969;221;;;;;3968.0;0.0
3;150600;STRAWBERRIES;3968;245;;;;;3970;245;;;;;3969.0;0.0
3;150700;STRAWBERRIES;3969;243;;;;;3970;243;;;;;3969.5;0.0
3;150800;STRAWBERRIES;3969;214;;;;;3970;214;;;;;3969.5;0.0
3;150900;STRAWBERRIES;3969;251;;;;;3971;251;;;;;3970.0;0.0
3;151000;STRAWBERRIES;3969;202;;;;;3971;202;;;;;3970.0;0.0
3;151100;STRAWBERRIES;3969;176;;;;;3971;176;;;;;3970.0;0.0
3;151200;STRAWBERRIES;3970;55;3969.0;116.0;;;3971;171;;;;;3970.0;0.0
3;151300;STRAWBERRIES;3970;164;;;;;3971;164;;;;;3970.5;0.0
3;151400;STRAWBERRIES;3970;221;;;;;3971;221;;;;;3970.5;0.0
3;151500;STRAWBERRIES;3970;59;3969.0;153.0;;;3971;212;;;;;3970.0;0.0
3;151600;STRAWBERRIES;3970;180;;;;;3972;180;;;;;3971.0;0.0
3;151700;STRAWBERRIES;3970;272;;;;;3972;272;;;;;3971.0;0.0
3;151800;STRAWBERRIES;3970;192;;;;;3971;192;;;;;3970.5;0.0
3;151900;STRAWBERRIES;3970;267;;;;;3972;267;;;;;3971.0;0.0
3;152000;STRAWBERRIES;3970;229;;;;;3971;88;3972.0;141.0;;;3971.0;0.0
3;152100;STRAWBERRIES;3970;188;;;;;3971;188;;;;;3970.5;0.0
3;152200;STRAWBERRIES;3969;257;;;;;3971;257;;;;;3970.0;0.0
3;152300;STRAWBERRIES;3969;239;;;;;3971;239;;;;;3970.0;0.0
3;152400;STRAWBERRIES;3969;208;;;;;3971;208;;;;;3970.0;0.0
3;152500;STRAWBERRIES;3969;173;;;;;3970;173;;;;;3969.5;0.0
3;152600;STRAWBERRIES;3969;84;3968.0;117.0;;;3970;201;;;;;3969.0;0.0
3;152700;STRAWBERRIES;3969;253;;;;;3971;253;;;;;3970.0;0.0
3;152800;STRAWBERRIES;3969;250;;;;;3971;250;;;;;3970.0;0.0
3;152900;STRAWBERRIES;3969;274;;;;;3971;274;;;;;3970.0;0.0
3;153000;STRAWBERRIES;3970;171;;;;;3971;171;;;;;3970.5;0.0
3;153100;STRAWBERRIES;3970;225;;;;;3971;225;;;;;3970.5;0.0
3;153200;STRAWBERRIES;3969;198;;;;;3971;190;;;;;3970.0;0.0
3;153300;STRAWBERRIES;3969;183;;;;;3971;183;;;;;3970.0;0.0
3;153400;STRAWBERRIES;3970;226;;;;;3972;226;;;;;3971.0;0.0
3;153500;STRAWBERRIES;3970;189;;;;;3971;189;;;;;3970.5;0.0
3;153600;STRAWBERRIES;3970;221;;;;;3972;221;;;;;3971.0;0.0
3;153700;STRAWBERRIES;3970;192;;;;;3972;192;;;;;3971.0;0.0
3;153800;STRAWBERRIES;3970;234;;;;;3971;77;3972.0;157.0;;;3971.0;0.0
3;153900;STRAWBERRIES;3970;244;;;;;3971;244;;;;;3970.5;0.0
3;154000;STRAWBERRIES;3970;194;;;;;3971;60;3972.0;134.0;;;3971.0;0.0
3;154100;STRAWBERRIES;3969;256;;;;;3971;256;;;;;3970.0;0.0
3;154200;STRAWBERRIES;3969;222;;;;;3970;222;;;;;3969.5;0.0
3;154300;STRAWBERRIES;3969;265;;;;;3971;270;;;;;3970.0;0.0
3;154400;STRAWBERRIES;3969;191;;;;;3971;187;;;;;3970.0;0.0
3;154500;STRAWBERRIES;3969;185;;;;;3971;185;;;;;3970.0;0.0
3;154600;STRAWBERRIES;3969;210;;;;;3970;210;;;;;3969.5;0.0
3;154700;STRAWBERRIES;3968;234;;;;;3970;234;;;;;3969.0;0.0
3;154800;STRAWBERRIES;3968;202;;;;;3970;202;;;;;3969.0;0.0
3;154900;STRAWBERRIES;3968;179;;;;;3970;179;;;;;3969.0;0.0
3;155000;STRAWBERRIES;3968;204;;;;;3969;57;3970.0;147.0;;;3969.0;0.0
3;155100;STRAWBERRIES;3968;75;3967.0;102.0;;;3969;177;;;;;3968.0;0.0
3;155200;STRAWBERRIES;3967;262;;;;;3969;262;;;;;3968.0;0.0
3;155300;STRAWBERRIES;3968;297;;;;;3970;297;;;;;3969.0;0.0
3;155400;STRAWBERRIES;3968;241;;;;;3969;51;3970.0;190.0;;;3969.0;0.0
3;155500;STRAWBERRIES;3968;78;3967.0;107.0;;;3969;185;;;;;3968.0;0.0
3;155600;STRAWBERRIES;3968;267;;;;;3969;267;;;;;3968.5;0.0
3;155700;STRAWBERRIES;3967;207;;;;;3969;207;;;;;3968.0;0.0
3;155800;STRAWBERRIES;3967;282;;;;;3968;93;3969.0;189.0;;;3968.0;0.0
3;155900;STRAWBERRIES;3968;216;;;;;3969;98;3970.0;118.0;;;3969.0;0.0
3;156000;STRAWBERRIES;3967;241;;;;;3968;75;3969.0;166.0;;;3968.0;0.0
3;156100;STRAWBERRIES;3967;264;;;;;3968;77;3969.0;187.0;;;3968.0;0.0
3;156200;STRAWBERRIES;3967;187;;;;;3968;187;;;;;3967.5;0.0
3;156300;STRAWBERRIES;3967;164;;;;;3968;57;3969.0;107.0;;;3968.0;0.0
3;156400;STRAWBERRIES;3967;240;;;;;3968;71;3969.0;166.0;;;3968.0;0.0
3;156500;STRAWBERRIES;3967;226;;;;;3968;72;3969.0;154.0;;;3968.0;0.0
3;156600;STRAWBERRIES;3967;266;;;;;3968;69;3969.0;197.0;;;3968.0;0.0
3;156700;STRAWBERRIES;3967;77;3966.0;127.0;;;3968;204;;;;;3967.0;0.0
3;156800;STRAWBERRIES;3967;182;;;;;3968;182;;;;;3967.5;0.0
3;156900;STRAWBERRIES;3967;241;;;;;3968;241;;;;;3967.5;0.0
3;157000;STRAWBERRIES;3967;86;3966.0;191.0;;;3968;277;;;;;3967.0;0.0
3;157100;STRAWBERRIES;3966;291;;;;;3968;291;;;;;3967.0;0.0
3;157200;STRAWBERRIES;3967;204;;;;;3968;77;3969.0;127.0;;;3968.0;0.0
3;157300;STRAWBERRIES;3967;225;;;;;3968;70;3969.0;155.0;;;3968.0;0.0
3;157400;STRAWBERRIES;3967;228;;;;;3968;72;3969.0;156.0;;;3968.0;0.0
3;157500;STRAWBERRIES;3967;221;;;;;3969;221;;;;;3968.0;0.0
3;157600;STRAWBERRIES;3968;87;3967.0;154.0;;;3969;249;;;;;3968.0;0.0
3;157700;STRAWBERRIES;3968;203;;;;;3969;203;;;;;3968.5;0.0
3;157800;STRAWBERRIES;3968;229;;;;;3969;229;;;;;3968.5;0.0
3;157900;STRAWBERRIES;3969;59;3968.0;142.0;;;3970;201;;;;;3969.0;0.0
3;158000;STRAWBERRIES;3969;211;;;;;3970;211;;;;;3969.5;0.0
3;158100;STRAWBERRIES;3968;158;;;;;3970;158;;;;;3969.0;0.0
3;158200;STRAWBERRIES;3968;263;;;;;3969;263;;;;;3968.5;0.0
3;158300;STRAWBERRIES;3967;184;;;;;3969;184;;;;;3968.0;0.0
3;158400;STRAWBERRIES;3968;79;3967.0;200.0;;;3969;279;;;;;3968.0;0.0
3;158500;STRAWBERRIES;3968;244;;;;;3969;88;3970.0;156.0;;;3969.0;0.0
3;158600;STRAWBERRIES;3968;86;3967.0;132.0;;;3969;218;;;;;3968.0;0.0
3;158700;STRAWBERRIES;3968;90;3967.0;147.0;;;3969;237;;;;;3968.0;0.0
3;158800;STRAWBERRIES;3968;6;3967.0;160.0;;;3969;160;;;;;3968.0;0.0
3;158900;STRAWBERRIES;3967;251;;;;;3969;251;;;;;3968.0;0.0
3;159000;STRAWBERRIES;3967;222;;;;;3969;222;;;;;3968.0;0.0
3;159100;STRAWBERRIES;3967;203;;;;;3969;203;;;;;3968.0;0.0
3;159200;STRAWBERRIES;3968;205;;;;;3969;205;;;;;3968.5;0.0
3;159300;STRAWBERRIES;3968;70;3967.0;109.0;;;3969;179;;;;;3968.0;0.0
3;159400;STRAWBERRIES;3968;98;3967.0;122.0;;;3969;220;;;;;3968.0;0.0
3;159500;STRAWBERRIES;3967;209;;;;;3969;209;;;;;3968.0;0.0
3;159600;STRAWBERRIES;3967;210;;;;;3969;210;;;;;3968.0;0.0
3;159700;STRAWBERRIES;3967;281;;;;;3968;93;3969.0;188.0;;;3968.0;0.0
3;159800;STRAWBERRIES;3968;202;;;;;3970;202;;;;;3969.0;0.0
3;159900;STRAWBERRIES;3968;176;;;;;3969;71;3970.0;105.0;;;3969.0;0.0
3;160000;STRAWBERRIES;3968;76;3967.0;128.0;;;3969;204;;;;;3968.0;0.0
3;160100;STRAWBERRIES;3968;247;;;;;3969;247;;;;;3968.5;0.0
3;160200;STRAWBERRIES;3968;291;;;;;3969;291;;;;;3968.5;0.0
3;160300;STRAWBERRIES;3967;244;;;;;3969;244;;;;;3968.0;0.0
3;160400;STRAWBERRIES;3967;260;;;;;3969;260;;;;;3968.0;0.0
